3458 5332
114 136 172 183 rvr
699 117 797 179 tn
829 117 1003 181 ttius!

109 230 141 289 in
155 242 212 297 uos
231 226 372 288 licentius
390 225 544 299 excurrit:
559 221 672 292 eudem
690 222 734 287 de
749 222 801 287 illo
818 239 855 287 ac
870 221 910 287 de
929 223 1063 293 Fabricio
1083 223 1185 287 habita
1204 226 1281 287 ratio
1292 233 1359 297 est.
1379 229 1459 291 llaeo
1480 228 1519 292 de
1538 247 1587 291 me

112 318 389 397 additamentisque
408 319 486 379 meis
505 315 544 381 ad
563 315 691 381 Fabricii
709 316 922 379 bibliothecam
944 317 1073 397 lectores
1092 315 1245 379 docendos
1264 322 1379 385 curavi.
1434 376 1438 385 .

114 485 117 491 ,
168 415 255 476 Nunc
276 412 314 473 de
335 411 468 473 lontibus
488 407 570 470 unde
590 425 658 470 mea
679 409 789 485 hausi,
809 409 957 486 quaedam
982 410 1205 489 praemonenda
1225 418 1306 472 sunt.
1329 414 1450 475 Praeter
1469 421 1591 477 veteres

108 506 276 581 editiones,
303 519 380 583 quas
401 505 431 563 in
451 502 644 563 bibliothecis
664 502 875 578 insignioribus
895 503 1024 564 rimatus
1052 519 1141 576 sum,
1166 512 1285 582 praeter
1311 506 1469 586 catalogos
1500 509 1583 570 MSS.

110 599 247 662 codicum
270 600 352 676 typis
372 596 532 674 evulgatos
562 611 622 655 non
649 594 798 655 incuriose
827 611 845 655 a
867 611 915 659 me
937 596 1108 674 inspectos,
1127 596 1380 660 Bibliothecarum
1401 602 1494 660 etiam
1524 602 1590 680 plu

105 701 172 755 teos
193 692 303 765 invisi,
324 689 406 751 unde
427 690 513 768 plura
534 688 653 749 extraxi
669 704 748 765 quae
768 688 940 766 gratissima
960 687 1087 750 eruditis
1107 689 1191 763 lore,
1214 707 1273 750 non
1296 707 1397 766 vane,
1420 698 1454 753 ut
1480 709 1589 772 spero,

106 784 178 847 mihi
190 789 365 846 assentatus
386 781 531 842 blandior.
547 783 660 842 llorum
681 797 737 858 ope
758 782 851 840 rimas
872 779 1018 858 quasdam
1040 781 1190 845 editorum
1210 783 1410 860 voluminum,
1426 784 1589 849 insertione

106 894 209 939 eorum
230 893 308 956 quae
328 875 464 948 deerant,
485 875 599 935 sanavi.
621 875 666 934 lta
681 874 711 932 in
728 871 833 932 ordine
853 873 987 943 llomano
1006 872 1131 934 Ioannis
1152 873 1288 952 Guitooi,
1309 893 1327 938 a
1347 876 1515 938 liabillonio
1526 878 1587 956 jam

105 968 205 1043 edito,
226 986 265 1029 ex
286 984 353 1029 meo
373 968 434 1029 llS.
454 966 556 1027 codice
576 965 700 1039 lacunas
720 964 847 1044 opplevi.
869 966 1026 1027 Variautee
1047 968 1170 1027 maximi
1186 969 1292 1047 praetii
1311 967 1381 1031 iude
1402 970 1587 1051 deprompsi.

106 1061 238 1122 testibus
257 1061 445 1121 variantibus
467 1060 525 1120 illis
545 1061 576 1119 in
597 1060 730 1119 carmine
750 1057 877 1119 chrioi
894 1057 1126 1137 septimellensis
1156 1078 1196 1123 ex
1214 1060 1316 1123 oodioe
1335 1062 1411 1140 [olim
1425 1060 1471 1133 ,ὓς
1498 1066 1579 1127 ilarii

106 1154 292 1228 Florentini,
313 1169 396 1214 nuno
416 1154 566 1213 Francisoi
586 1153 623 1212 Μ.
645 1152 712 1211 eius
733 1150 806 1227 lilii,
829 1153 975 1214 Lucensis
998 1155 1131 1231 patritii,
1152 1155 1320 1216 extractis·
1337 1155 1412 1216 liinc
1440 1155 1586 1219 librorum

106 1245 298 1322 quorundam
319 1246 398 1306 tituli
419 1249 499 1307 aucti
521 1251 603 1306 sunt.
625 1245 659 1305 ln
680 1260 748 1305 eam
774 1261 839 1305 rem
860 1248 992 1308 maxime
1020 1248 1133 1327 proluit
1166 1263 1241 1309 usus
1272 1247 1346 1307 milri
1379 1247 1587 1311 liberalissime

106 1353 270 1399 concessus
289 1339 489 1399 llibliotlrecae
510 1337 625 1400 dudum
646 1337 770 1398 FELlNl
792 1335 930 1399 Sillilllll
958 1340 1102 1401 Lucensis
1130 1340 1291 1418 Episcopi,
1320 1341 1398 1400 inter
1424 1342 1587 1419 scriptores

104 1432 186 1493 luris
206 1432 348 1493 dononici
365 1438 463 1493 aetate
484 1447 539 1492 sua
560 1431 646 1493 facile
666 1431 829 1510 principis;
850 1447 931 1491 nunc
951 1447 1031 1507 vero¹
1043 1430 1180 1493 eiusdem
1201 1429 1300 1491 Felici
1313 1430 1469 1510 largitione
1488 1433 1585 1499 Cauo-

107 1525 243 1584 nicorum
264 1525 380 1583 liaioris
400 1523 552 1584 Ecclesiae
574 1525 727 1583 Lucensis.
749 1522 922 1585 Thesaurus
942 1522 1016 1584 haec
1036 1530 1085 1585 est
1105 1523 1241 1587 librarius
1260 1541 1279 1584 e
1305 1522 1386 1586 tiss.
1407 1525 1586 1605 plerumque

105 1614 278 1691 codicibus,
300 1616 443 1676 admixtis
464 1617 601 1694 pauculis
621 1618 743 1677 excusis
762 1621 902 1677 vetustae
922 1616 1061 1678 editionis
1084 1617 1311 1692 voluminibus,
1332 1618 1472 1680 refertus.
1493 1619 1589 1680 Gran-

105 1707 153 1769 dia
174 1708 223 1769 hic
244 1716 352 1771 nactus
373 1726 441 1770 suin
463 1710 698 1771 clarissimorum
720 1708 840 1769 infimae
860 1711 968 1770 aetatis
986 1711 1275 1772 iurisconsultorum
1302 1709 1455 1773 volumina
1478 1708 1586 1789 Batoi,

107 1799 245 1880 Barloli,
267 1802 426 1878 Accersii,
445 1803 586 1878 dosoris,
612 1800 837 1878 Panormiioui,
858 1798 975 1878 Felini,
992 1799 1201 1877 Beliomaruc,
1222 1801 1412 1878 Borbocrirc,
1431 1802 1523 1865 Porcii
1551 1803 1587 1866 dr

107 1895 216 1972 Castro
226 1896 312 1957 velut
328 1898 528 1958 nusmismata
549 1897 670 1956 maioris
691 1894 821 1970 moduli,
837 1895 951 1954 minora
961 1893 1010 1954 hic
1020 1896 1131 1972 pariter
1150 1911 1239 1973 opera
1261 1893 1396 1973 deposita
1416 1902 1508 1970 sunt,
1525 1897 1587 1958 Du·

103 1987 199 2049 roardi
209 2037 219 2066 ,
237 1989 363 2051 locaris
388 1988 424 2050 de
457 1990 608 2067 cunano,
638 1985 887 2061 Calderioororn,
919 1985 1112 2048 Bertocclrr'rvi
1136 2003 1193 2048 ceu
1224 1987 1339 2048 mediae
1370 1987 1587 2066 magnitudinis

106 2085 300 2159 numismata3
323 2086 447 2144 minima
468 2085 557 2143 etiam
581 2098 639 2141 non
661 2080 782 2155 absunt3
805 2078 966 2157 Calcidici,
988 2079 1130 2155 Corsctti,
1153 2078 1490 2156 Laurinienses,
1511 2081 1586 2143 Tun·

104 2172 190 2234 credi
198 2221 206 2251 ,
220 2174 402 2251 Hosticosis,
417 2191 494 2252 quae
509 2174 642 2235 thesauri
664 2173 755 2233 huius
774 2190 843 2234 aera
865 2175 979 2234 minora
996 2175 1103 2234 merito
1120 2173 1240 2234 dixeris.
1255 2173 1377 2252 Augeat
1392 2170 1531 2236 codicum
1552 2174 1587 2236 il·

103 2264 199 2325 lorum
221 2269 380 2344 praetium.
395 2268 539 2328 lCtornm
550 2265 739 2343 quorundam
760 2282 849 2344 opera
870 2267 935 2342 ipsa
955 2258 1059 2325 eorum
1082 2281 1174 2325 manu
1195 2265 1245 2325 vel
1263 2267 1373 2343 scripta
1388 2266 1438 2327 vel
1452 2266 1587 2328 subscri-

105 2357 206 2433 ptione
219 2358 363 2436 probata,
384 2358 553 2420 cuiusmodi
573 2355 751 2418 Ancioroni
769 2364 801 2418 et
821 2355 984 2418 Francisoi
1001 2354 1185 2419 Zoborelloe
1209 2364 1283 2418 sunt
1302 2357 1471 2436 quaedam3
1488 2355 1589 2420 Feiirii

104 2465 176 2509 vero
196 2449 349 2528 pleraque.
365 2449 431 2512 illia
448 2449 569 2511 Felinus
580 2451 694 2510 crebris
710 2450 867 2527 doctisque
887 2449 1130 2510 adnotationibus
1155 2452 1219 2510 suis
1239 2452 1367 2511 ornavit.
1384 2451 1469 2512 Sunt
1485 2453 1584 2514 etalii

103 2541 229 2602 aliarum
240 2541 465 2622 disciplinarum
477 2545 549 2604 listi
563 2543 696 2613 Codices¹
706 2559 783 2622 quos
796 2542 852 2603 sibi
862 2542 1076 2604 describendos
1087 2543 1208 2604 Felinus
1218 2545 1346 2617 curavit,
1358 2544 1445 2604 velut
1453 2541 1583 2620 Aretirti,

104 2633 261 2713 Campani,
277 2635 402 2715 Cprioci
418 2635 598 2696 Anconitcni
615 2636 801 2713 aliorumque
822 2635 983 2714 Epistolas,
1002 2633 1119 2696 Aeaeae
1139 2633 1236 2715 Sylvii
1260 2637 1405 2710 opuscula
1422 2639 1578 2715 nonnulla,

100 2725 214 2787 orons
232 2727 445 2806 Frisinpeasis,
457 2725 856 2804 Anastasii-Bidlioiliecorii,
868 2726 992 2789 domnii
1005 2726 1196 2789 Panormitae
1213 2730 1324 2806 scripta
1338 2729 1489 2790 historica.
1508 2730 1584 2810 Spe-

102 2818 222 2880 oiminis
242 2822 337 2898 gratia
359 2820 432 2883 baec
453 2840 548 2901 pauca
569 2840 607 2883 ex
629 2823 735 2883 multis
756 2820 906 2881 adnotavi.
929 2822 981 2882 llis
1002 2838 1072 2900 ergo
1092 2822 1232 2882 omnibus
1254 2837 1329 2882 usus
1360 2818 1503 2881 Fabricii
1528 2823 1582 2883 Bi-

102 2907 279 2984 dliotdcccrn¹
300 2912 416 2977 Mediae
436 2919 466 2976 et
484 2915 603 2994 infimae
622 2914 731 2975 remiis
751 2915 874 2988 ornavi,
891 2914 1053 2993 supplevi,
1075 2913 1254 2989 emendavi,
1278 2931 1313 2975 ac
1337 2930 1390 2993 pro
1409 2914 1526 2976 viribus
1548 2917 1583 2976 il-

99 3003 238 3067 lustravi.
258 3007 363 3084 Fave,
384 3007 479 3068 le'ctor
499 3007 569 3069 huic
591 3024 658 3068 meo
681 3007 846 3080 molimini,
867 3013 899 3066 et
919 3004 1037 3084 plaude.

693 3117 976 3152 ἥ,-

369 3209 407 3267 lN
425 3206 562 3267 ottltdli
582 3209 608 3266 J.
629 3207 664 3264 Ι).
683 3208 793 3267 munst
811 3203 1010 3265 tdcssnsluu
1029 3203 1296 3267 laculssvlscoul

249 3299 252 3304 ’
499 3305 559 3366 (Ν.
577 3318 624 3354 un.
642 3303 712 3355 1802.
732 3302 770 3355 lo.
787 3302 865 3355 Febr.
882 3302 924 3355 od.
942 3303 983 3353 2⁷.
998 3303 1071 3366 Sept.
1088 3302 1160 3354 1769.
1165 3306 1183 3367 )

433 3417 538 3489 spiepd
557 3423 647 3473 morte
666 3418 690 3473 ii
709 3417 784 3489 futui
801 3418 920 3472 oereitio
938 3431 1032 3482 ricro3

505 3517 532 3572 Ε
550 3514 599 3570 rol
618 3520 705 3570 remeo
724 3514 840 3577 Peroe,
858 3528 906 3569 mo
924 3513 1119 3571 dissociari:

511 3611 570 3668 Gid
584 3613 640 3682 piri
658 3625 718 3665 non
736 3627 790 3666 ron
803 3625 858 3681 per
876 3625 919 3666 me
939 3612 1031 3684 pierii
1047 3611 1160 3666 tanoni

508 3708 659 3780 Affannori
678 3707 829 3778 ooppiorni
839 3763 846 3784 ,
866 3709 980 3780 irpruii
997 3708 1029 3764 nl
1046 3722 1125 3764 orro.

433 3807 469 3860 ll’
484 3805 556 3858 onde
575 3804 597 3858 t’
610 3803 688 3857 ulmo
703 3808 786 3873 parit
803 3807 885 3860 torni
902 3805 933 3860 al
947 3804 1093 3875 primiore

505 3901 608 3959 Etrreo
625 3900 750 3972 uibcrpo.
769 3899 814 3957 ot
832 3903 864 3956 di
882 3902 953 3974 poci
970 3915 1036 3958 core
1050 3901 1137 3970 pieni

503 3997 565 4054 Fur
584 3998 654 4051 miei
670 3996 791 4052 mortali
808 3996 866 4051 di!
889 3999 959 4057 Sion
978 4012 1012 4053 or
1029 3999 1125 4052 sorori

505 4094 601 4165 Epiri
618 4098 708 4148 morte
726 4109 762 4148 ru
780 4092 826 4147 lor
844 4108 902 4148 nor
920 4092 1006 4149 obbia
1024 4094 1143 4163 impero.

437 4194 547 4263 Tuoque
566 4205 580 4244 e
599 4190 627 4244 lo
644 4190 738 4260 spirto
756 4187 806 4243 dcl
822 4204 875 4244 ruo
892 4188 954 4260 [roi
971 4190 1105 4246 dirciollo

509 4291 567 4346 l'ra
586 4286 605 4341 l’
620 4292 714 4341 eterne
733 4287 758 4340 r'
773 4285 903 4341 immerso
920 4300 991 4342 aare
1010 4287 1043 4341 di
1060 4287 1122 4341 vita

505 4385 629 4442 ctorror
647 4383 796 4439 lusciando
814 4386 846 4439 ir
864 4383 924 4439 olto
941 4384 1013 4439 lutto
1031 4382 1162 4445 inculto,-

434 4484 481 4541 llo
500 4497 519 4537 a
537 4481 688 4553 confortor
707 4481 738 4536 lo
754 4480 873 4552 proppia
892 4493 947 4535 ruo
964 4480 1107 4536 smarrito

514 4578 567 4636 Tol
586 4578 617 4632 di
635 4578 752 4633 scieura
772 4577 861 4634 larcio
881 4582 957 4632 teror
976 4574 1101 4632 rocrolio

509 4673 564 4733 Cic
582 4675 686 4731 crtirrio
703 4689 794 4731 orror
812 4675 838 4730 le
856 4675 901 4729 oio
920 4674 966 4728 dei
983 4687 1033 4730 ror
1051 4673 1077 4727 ie
1095 4671 1207 4726 addita.

853 4770 1020 4828 leoboni
1041 4768 1098 4826 Fel.
1120 4763 1313 4824 LEONdlllll.
