3458 5332
502 309 823 376 uscnnrnus
1357 324 1420 388 445-
1542 272 1546 279 ’

134 427 230 493 usque
251 412 289 477 ad
306 412 363 475 lin.
383 414 459 477 tato
485 433 556 477 euru
584 435 636 496 ap
689 418 945 483 Paenitentiorius
957 419 1062 500 4444444,
1077 424 1140 488 266
1155 426 1244 488 onitin
1262 428 1419 493 4444444444.

135 522 188 569 um
199 505 396 586 diplomatum
407 516 439 570 et
448 510 637 571 Instrumen-
690 511 770 573 Nom
787 518 856 573 eret
870 511 1074 593 4444444444,
1088 518 1249 598 completus
1264 536 1343 581 44444
1364 523 1422 582 444-

134 597 208 660 uti.
225 598 391 662 Warthono
401 601 492 663 Lond.
508 604 595 679 4595,
605 605 634 663 8.
689 603 765 666 mini
777 604 867 667 4544.
883 603 1006 683 Debita
1023 622 1065 667 444
1080 606 1117 669 de
1136 608 1345 691 descriptione,
1361 622 1425 676 444-

134 692 315 773 Episcopum
346 696 376 756 S.
407 695 520 775 Asophi
542 697 635 758 luisse
684 697 1336 783 primocompoeitione.1neoinducnntur,
1362 712 1422 771 Ln-

134 790 147 843 t
164 785 257 847 luisse
272 786 440 849 filibertum
456 788 491 850 Α.
511 789 598 854 4443.
685 808 763 869 pus,
773 788 879 869 4444444
893 797 923 853 44
939 791 1059 867 milior,
1067 792 1282 874 poenitetntiam
1291 805 1422 878 agentes.

134 876 337 958 ‚sentinus
365 880 436 943 Ord.
461 883 563 943 Minor.
585 882 636 959 qui
691 882 828 943 Primum
844 883 1001 965 confitetur
1017 884 1107 964 lopus
1124 884 1224 967 culpi,
1239 906 1319 969 quoe
1330 890 1422 971 [44444

134 969 171 1031 de
187 972 278 1033 Plano
294 972 416 1053 Carpini
436 972 472 1035 Α.
490 975 568 1036 4246
585 991 638 1035 au·
691 992 759 1037 4444
775 974 926 1059 44444444,
938 982 968 1039 44
978 977 1101 1057 isuper
1117 980 1207 1041 444444
1217 988 1351 1043 4444444.
1362 984 1421 1045 De

134 1066 195 1125 eniii
209 1066 247 1126 lv
264 1067 320 1127 iter
333 1068 467 1146 suscepit
484 1068 513 1127 in
535 1068 638 1127 Tarta·
691 1067 758 1130 iride
769 1068 857 1150 lupus
868 1068 1052 1132 consimilem
1062 1072 1248 1133 444444444444
1264 1073 1425 1156 444ρὶ4444·

143 1154 233 1219 Asiae
255 1162 405 1237 regiones,
422 1159 510 1238 cujus
527 1159 640 1221 descri-
690 1160 1051 1243 sententiaverunt
1063 1161 1248 1241 olimina,
1265 1168 1322 1247 qui
1342 1174 1425 1231 4444-

134 1250 171 1313 lS.
190 1251 328 1332 Lugduni
338 1255 441 1315 Batav.
460 1256 538 1315 inter
552 1252 640 1323 Codi-
693 1271 761 1314 men
775 1254 897 1315 cuidam
919 1257 1044 1317 llonrom
1068 1255 1222 1337 4444944444
1247 1276 1321 1339 erpo
1333 1278 1425 1341 pere-

137 1345 199 1404 ssii.
215 1343 323 1424 444444414
333 1363 372 1407 ex
383 1346 489 1408 cadom
499 1354 641 1427 excerpta
692 1345 830 1426 94444444
842 1347 928 1409 circe
955 1345 1047 1410 446444
1072 1348 1206 1411 virectum
1222 1350 1421 1429 4444444444,

134 1438 218 1498 44444444
248 1438 493 1501 Bellovacensem
526 1439 640 1519 speculi
695 1439 801 1518 mttere
815 1456 943 1520 sperares
960 1444 1079 1520 (utpote
1094 1442 1150 1522 qui
1179 1444 1272 1505 sciret
1282 1463 1341 1507 444
1352 1464 1425 1526 poe-

134 1536 250 1593 strumo
276 1534 342 1593 sive
369 1534 417 1597 34.
443 1532 554 1595 Gallice
574 1539 643 1615 post
696 1535 765 1590 4444
782 1530 897 1595 leviore
913 1533 992 1611 4444,
1005 1550 1100 1613 444444
1115 1526 1425 1619 deploutuolpielibi

134 1640 154 1683 ÷s
168 1625 198 1683 in
215 1625 330 1704 sylloge
344 1627 423 1685 Petri
441 1625 555 1687 vander
575 1625 642 1699 lla,
696 1621 815 1685 44444444
830 1625 926 1688 omnis
942 1624 1089 1689 444444444
1103 1624 1280 1706 disceptione
1296 1631 1423 1693 44444444-

134 1733 253 1777 rvorum
283 1717 374 1793 4729,
392 1714 442 1779 l‘⁰:
463 1719 584 1780 Recueil
604 1718 641 1780 de
697 1722 763 1793 tur,
779 1734 831 1777 nec
847 1717 912 1779 4444
923 1735 1057 1799 prorsus
1069 1718 1158 1783 venio
1177 1718 1288 1800 dignm
1307 1724 1425 1804 reperi-¹

134 1825 184 1888 ges
210 1812 336 1872 curieux
366 1812 452 1873 laites
479 1830 519 1874 en
541 1812 645 1873 Tarta·
698 1808 885 1886 turstinus,
902 1810 955 1873 4444
969 1828 1044 1873 mox
1072 1830 1095 1873 α
1118 1810 1184 1875 sitis
1212 1814 1427 1895 spiritualibus

694 1899 837 1984 44444644
854 1901 1028 1965 4444444444.
1111 1942 1114 1947 -

134 1995 292 2073 tuorna,
320 1997 357 2059 de
381 2000 444 2059 vita
471 1999 643 2060 Diocletiani
740 2023 894 2090 ,ΜΝ
912 2022 994 2074 mg„
1008 2030 1063 2086 m,
1083 2026 1178 2087 „pm
1193 2038 1273 2088 qm,
1289 2030 1429 2090 ,mm

134 2105 199 2149 eras
215 2092 347 2163 misisse,
364 2109 402 2151 ex
416 2092 532 2170 Vopisci
549 2091 646 2153 Aure·
770 2098 876 2156 4444444,
893 2103 1005 2147 rumen
1022 2098 1189 2162 subripiendo
1204 2101 1263 2151 4444.

134 2182 228 2243 0031)
250 2200 282 2244 se
304 2186 361 2245 visi
385 2183 464 2245 docti
491 2185 644 2265 configunt·
741 2170 956 2231 ttonedvcrttrtl,
974 2172 1130 2237 quodpiam
1147 2174 1383 2237 periculapassus,

134 2274 402 2351 dotus,incertum
411 2295 450 2338 an
462 2276 519 2353 ille,
532 2279 646 2357 praeie-
739 2246 1039 2385 ῃοῗᾚῗηῗὲῗᾛώ
1049 2248 1374 2385 ffsspffffifffflg

134 2370 157 2428 io
171 2369 228 2431 sub
246 2372 429 2433 Constantio.
442 2370 644 2433 illiusdeinde
769 2398 802 2445 at
816 2397 899 2461 „pgr
915 2358 1002 2460 epsseta
1016 2399 1051 2447 ,n
1065 2397 1223 2461 pugnans
1238 2400 1292 2451 44..

136 2461 219 2522 44444.
247 2464 280 2524 C.
301 2464 359 2523 423
373 2462 411 2523 de
435 2480 495 2541 quo
514 2464 644 2526 lacobus
740 2473 795 2523 tion
811 2471 942 2524 4444444444
958 2478 1076 2533 44444444,
1094 2484 1142 2525 nec
1157 2475 1247 2525 41444444
1262 2480 1361 2527 saneta

134 2557 408 2636 pprosopographig
421 2556 539 2621 codicis
550 2558 645 2619 Theo.
770 2550 920 2599 4444444444
937 2553 1053 2600 unctam
1067 2549 1111 2599 4444
1126 2561 1174 2603 nec
1194 2551 1358 2601 4444444444444.

658 2669 663 2678 .
738 2620 783 2675 tlte
797 2624 944 2675 retranslelt
960 2624 1048 2675 cedern
1067 2624 1136 2685 loca,
1153 2631 1207 2675 4444
1223 2623 1363 2677 violentum

521 2747 526 2757 ,
636 2746 642 2758 ,
770 2702 809 2749 lis
824 2701 959 2763 inopinato
974 2701 1053 2752 4444444
1070 2699 1158 2751 edesse
1173 2700 1277 2752 maluae.

134 2740 262 2817 lSdler,
274 2742 312 2803 de
322 2760 382 2821 quo
393 2743 567 2806 Gennadius
577 2747 644 2822 (qur
741 2778 777 2825 „0
792 2778 861 2841 ω,
876 2783 963 2836 Μ,
979 2778 1052 2841 gp„
1067 2780 1192 2841 mm„
1209 2777 1286 2827 ,m

134 2836 178 2911 lit)
193 2852 257 2916 cap.
276 2836 314 2897 73
336 2836 368 2896 l‘ll
390 2836 514 2917 Bojeltst‘
525 2837 648 2915 (Nunti-
773 2838 917 2914 donduxlt,
936 2856 1007 2918 enim
1023 2858 1054 2903 tu
1069 2852 1205 2916 vilipendis
1221 2865 1312 2918 opem

134 2926 171 2987 *io
187 2928 247 2990 vict
262 2947 321 2990 mn
333 2929 463 3009 grandis
472 2930 646 3011 Epigcopm,
743 2930 831 2979 totius
845 2928 974 2981 4444444444
988 2927 1067 2979 tuerit
1081 2941 1141 2979 44444
1157 2934 1269 2981 nuncius
1285 2932 1350 2991 iste,

134 3038 226 3083 ,mm
242 3022 373 3085 Ariana
391 3030 420 3085 θ,
433 3023 518 3085 modo
538 3024 649 3087 adver,
775 3002 883 3054 44444414
896 3002 1023 3077 obstructo
1039 3007 1162 3056 4444444444
1178 3004 1271 3055 demna
1287 3008 1355 3058 4444.

134 3118 179 3176 ter
193 3113 328 3177 44446444
345 3115 509 3178 dictioni-n
520 3116 648 3179 44444444
741 3108 929 3173 issemus
944 3126 984 3171 ex
999 3109 1136 3171 Manavia
1150 3108 1307 3171 cambriae
1318 3116 1429 3171 metro-

134 3224 254 3289 ·mpore,
279 3209 395 3288 prandi
419 3210 555 3291 opinione
575 3210 650 3273 4444-
702 3204 771 3283 poll,
789 3204 957 3283 Episcopus
987 3206 1018 3265 in
1042 3199 1150 3282 Augila
1166 3201 1429 3276 schireburensis,

704 3299 756 3377 qul
766 3296 899 3359 AEilrcdo
907 3298 980 3377 llegi
990 3302 1095 3358 auctor
1106 3296 1161 3357 iuit
1171 3295 1346 3359 condendae
1355 3295 1431 3367 Aca,-

134 3396 176 3474 44,
204 3399 269 3458 sivo
296 3397 457 3459 Fraxinus
479 3398 650 3461 canonicus
704 3392 833 3455 demiao·
850 3392 1047 3455 oxoniensis:
1075 3391 1161 3452 illem
1185 3389 1258 3451 obiit
1280 3386 1338 3453 Aa
1360 3390 1428 3450 966.

134 3490 332 3552 nclordiensis
349 3493 380 3551 in
396 3492 504 3573 Anglia
519 3494 600 3555 circa
614 3491 651 3554 Α.
704 3484 781 3565 Ejus
793 3482 962 3549 Historiam
974 3483 1012 3549 de
1026 3481 1221 3565 remaneatis
1230 3480 1365 3565 4444444444
1375 3485 1432 3545 lle·

134 3598 186 3645 cus
200 3583 350 3662 sylvestri
364 3583 476 3647 Gimldi
490 3585 653 3647 cambren—
703 3578 751 3658 oie
767 3581 880 3661 optima
890 3578 950 3643 lide
960 3580 1103 3660 scriptam
1114 3580 1252 3660 vulgavit
1260 3578 1431 3643 Matthaeus

134 3692 166 3737 us
182 3674 302 3757 speculo
322 3674 493 3754 Ecclesiae,
505 3694 565 3756 quo
579 3679 652 3739 vitiu
706 3673 868 3751 Parlrems,
883 3674 933 3735 eui
945 3674 1076 3735 14444444
1086 3670 1214 3736 Anseres
1224 3673 1432 3749 dicitur,.Lon·

134 3776 155 3829 rt
169 3770 414 3831 cisterciensium
427 3786 526 3831 mores
540 3769 588 3831 ille
601 3784 654 3830 no-
706 3768 768 3830 dini
786 3767 863 3830 4474
880 3767 989 3829 deinde
1016 3770 1096 3829 inter
1115 3767 1308 3847 anglicarum
1329 3784 1431 3831 rerum

134 3863 192 3942 psit
204 3859 370 3944 apologiam
386 3860 546 3942 duplicem
561 3862 653 3923 leoni-
707 3862 875 3940 Scriptores
888 3861 1058 3923 Guilelmus
1073 3860 1282 3938 cambdenus,
1297 3861 1430 3923 Francoi.

146 3953 286 4031 alteram,
302 3956 428 4017 alteram
441 3955 535 4035 elegis
551 3955 654 4019 deien·
708 3956 787 4019 l602
803 3954 852 4016 iol.
870 3954 940 4017 444444
950 3970 1022 4016 cum
1036 3956 1117 4015 notis
1127 3956 1245 4016 ilenrici
1257 3955 1432 4034 Speelman-

134 4066 183 4112 sus
204 4040 654 4131 Adcmnm'llorensemllona·
698 4051 737 4110 ‘ni
754 4047 863 4129 prodiit
876 4048 1008 4110 oxoniae
1026 4044 1104 4108 4676
1122 4046 1171 4109 iol.
1188 4044 1319 4123 denique
1339 4044 1433 4111 edidit

134 4144 283 4205 alensem.
309 4143 473 4221 Utriusque
499 4143 652 4223 specimen
708 4144 839 4205 Thomas
849 4138 1122 4218 44444444,Α.4767
1136 4136 1322 4219 &Ejusdem
1337 4134 1432 4201 0444-

134 4252 180 4315 4444
206 4238 311 4297 Princo
326 4236 356 4295 in
374 4235 542 4297 illustribus
557 4236 654 4295 Devo-
706 4236 811 4313 4444444,
825 4232 1034 4299 strenuitates
1047 4249 1067 4295 a
1081 4232 1154 4303 lulli
1170 4232 1308 4297 4444444444
1320 4232 1353 4291 iu
1368 4231 1433 4293 Bri-

134 4335 196 4390 444
211 4345 246 4389 eo
264 4331 294 4389 in
309 4327 394 4390 Actis
410 4327 504 4391 Erud.
521 4326 557 4391 Α.
574 4326 652 4389 tius
705 4332 841 4393 tannim
858 4327 995 4401 adventu
1015 4342 1113 4407 usque
1129 4325 1167 4389 ad
1188 4341 1276 4388 suam
1297 4328 1428 4387 4444444444

134 4420 306 4505 444ρί444444
322 4422 402 4484 illius
412 4420 450 4484 ad
460 4420 609 4498 diversos,
622 4428 654 4483 et
706 4424 824 4504 primus
836 4421 931 4485 edidit
941 4421 1072 4483 Thomas
1082 4419 1194 4483 Galeas
1210 4420 1290 4479 inter
1301 4418 1433 4496 Scripto-

136 4516 202 4594 ibri,
219 4522 310 4596 atquo
326 4514 406 4579 aliud
422 4512 465 4577 od
472 4512 654 4595 Magistrum
708 4534 759 4579 res
779 4532 881 4579 rerum
901 4514 1117 4595 anglicarum,
1133 4510 1259 4575 Londini
1282 4510 1356 4573 teat
1382 4508 1431 4571 iol.

134 4611 253 4690 criptum
270 4615 485 4671 memorantur.
710 4627 777 4691 pag.
806 4611 873 4673 444.
892 4625 952 4671 uua
976 4625 1047 4670 oum
1070 4606 1292 4686 paralipomeno
1306 4605 1433 4667 alterius

134 4704 180 4767 llil
189 4700 501 4784 poenitentiortns„de
513 4701 658 4781 quellat·
711 4704 843 4767 auctoris
860 4698 958 4782 (quod
972 4700 1109 4765 additum
1121 4699 1186 4779 jam
1208 4704 1355 4769 memorat
1378 4701 1435 4761 lla-

134 4798 191 4859 sin
208 4798 349 4878 catalogo
374 4797 501 4857 testium
517 4794 656 4855 veritatis
710 4795 779 4861 leus
803 4796 830 4859 44
847 4797 905 4873 25)
920 4812 1018 4873 usque
1035 4792 1072 4857 ad
1099 4791 1157 4857 An.
1181 4795 1215 4858 64
1223 4794 1251 4863 4,.
1268 4792 1354 4857 Unde
1371 4809 1431 4863 non

134 4888 232 4953 dition.
250 4893 363 4972 primae
393 4890 482 4952 Basll.
508 4887 584 4950 4656
600 4886 655 4947 a'·
694 4946 697 4951 .
713 4890 794 4951 valet
810 4892 1035 4969 argumentum,
1052 4903 1112 4965 quo
1127 4887 1253 4948 annales
1268 4885 1360 4946 hosce
1375 4884 1433 4944 ils-

134 5004 139 5047 t
161 4983 339 5069 perelegans
361 4982 543 5069 poematica,
569 4977 656 5044 titolo
712 4984 789 5045 sorio
804 4981 962 5069 abjudicat¹
975 4978 1125 5059 oudinus,
1142 4978 1222 5073 quod
1249 4978 1287 5043 ad
1308 4976 1431 5069 nouum
