3458 5332
595 328 646 389 lO.
669 328 934 392 111116111111611
1422 349 1476 396 aar

143 440 198 492 lem
223 449 279 492 nee
303 434 495 492 sedulitatem
516 432 648 491 discendi
670 433 731 491 6116

144 538 170 591 16
190 547 294 606 passus
314 538 359 590 est
378 532 555 592 desiderari.
574 532 635 590 lam
668 539 731 591 tum

144 630 277 688 isehota
298 638 470 689 versaretur
497 630 606 688 multas
639 630 733 688 libras

148 729 252 803 legero
273 735 305 787 61
331 746 368 788 ex
394 731 429 788 iis
455 737 601 787 annotare
627 746 661 787 ac
685 743 733 786 eo·

144 826 166 884 ri
182 827 302 900 eoepit:
324 843 360 886 ex
381 828 443 901 ipso
458 828 568 885 seimus
585 825 734 901 quomodo

144 925 152 983 1
179 925 362 984 adversariis
387 933 417 985 ct
446 926 602 1000 l‘alystare
621 924 735 984 llorolli

145 1023 267 1096 mburgi
287 1040 367 1084 anno
387 1026 458 1083 1685
479 1025 516 1083 66
542 1026 658 1100 majora
683 1039 732 1080 66-

154 1123 292 1179 animum
314 1122 494 1180 inflammari
513 1122 652 1182 senserit.

144 1219 179 1276 sit
198 1219 271 1277 bine
291 1219 462 1278 incredibili
482 1221 637 1278 eeleritate
655 1233 735 1276 eom·

158 1321 192 1373 61
211 1316 333 1374 eosdem
352 1318 526 1376 utilissimos
541 1320 570 1376 in
585 1318 668 1376 omni
683 1333 736 1390 gc-

145 1413 364 1488 liseiplinarum
385 1414 478 1473 libros
499 1421 529 1473 et
548 1416 579 1474 16
592 1417 638 1473 liis
653 1419 736 1471 vata·

145 1525 159 1567 6
171 1519 353 1584 postremos,
366 1528 543 1586 percurrero
554 1521 585 1572 ct
596 1512 732 1588 jamjam

145 1612 214 1665 tum
230 1608 392 1682 quemdam
405 1626 530 1684 scopum
547 1626 688 1684 magnum
704 1616 735 1668 et

145 1721 203 1764 um
224 1723 279 1766 666
298 1712 367 1763 6616
386 1708 456 1765 66116
483 1713 656 1778 tractatum,
683 1710 734 1767 nt-

145 1810 207 1863 ruto
220 1804 250 1862 16
265 1805 369 1878 primis
378 1806 515 1864 16116666
527 1805 734 1880 Graecumque,

145 1919 159 1960 s
174 1901 317 1974 dirigere.
332 1903 406 1960 lline
424 1903 548 1961 consilia
561 1904 733 1962 studiorum

145 1999 183 2056 ilo
216 1999 291 2056 tanti
317 1999 374 2055 viri
393 1999 449 2055 sibi
469 2006 576 2058 666661
602 2000 732 2071 juvenes

145 2097 274 2169 squenda
302 2103 472 2168 proponant
493 2113 552 2154 non
581 2098 730 2171 languide,

148 2208 181 2252 m
193 2193 316 2264 666666,
338 2210 405 2250 eam
421 2195 499 2251 serio
515 2200 545 2252 et
559 2212 667 2269 nragno
684 2211 734 2253 eo·

146 2307 183 2349 ee
201 2292 258 2364 piis
277 2292 433 2363 praecibus
451 2293 592 2350 66666666
610 2294 648 2350 66
672 2301 733 2352 616·

146 2395 294 2455 terarum,
311 2390 410 2461 legere
425 2390 519 2448 multa
540 2398 571 2447 et
583 2391 734 2461 meditari,

157 2488 306 2560 optimos:
319 2488 393 2544 lecta
410 2504 447 2544 ne
463 2488 602 2546 dillluant
619 2504 736 2546 memo«

152 2600 222 2642 suos
240 2585 355 2657 singula
374 2589 452 2642 locos
467 2585 649 2654 adscribere,
663 2587 737 2644 seri·

146 2688 227 2741 slure
241 2682 279 2740 ad
294 2690 505 2754 angmentum
520 2683 641 2757 aliquod
658 2684 734 2741 utile

146 2786 242 2838 setam
259 2779 427 2850 intendere,
443 2781 523 2852 quod
540 2781 660 2839 tandem
677 2781 735 2838 ali-

148 2878 374 2937 oelaboratum
394 2879 639 2952 perpolitamque
665 2895 733 2937 euin

146 2978 155 3035 1
174 2976 263 3034 16666
277 2982 308 3033 61
324 2976 421 3033 166616
437 2977 530 3033 666116
543 2976 732 3032 eruditorum

146 3091 180 3134 ir.
200 3076 286 3133 Certe
301 3090 360 3131 non
377 3088 482 3130 omnes
495 3074 624 3131 colomba·
637 3088 739 3131 samus

146 3175 254 3246 666111,
266 3179 299 3230 61
311 3172 449 3243 regiones
464 3171 542 3228 ultra
559 3171 654 3228 visam
667 3185 735 3243 pro·

155 3279 257 3331 mente
277 3285 452 3340 cernamus,
473 3276 525 3326 aut
544 3283 597 3341 pet·
617 3274 732 3326 vastum

147 3374 204 3429 ium
218 3386 363 3430 oceanum
377 3371 460 3428 66166
473 3370 644 3428 audeamus.
660 3370 733 3427 Cum

167 3474 199 3526 61
223 3469 276 3541 1661
297 3469 425 3526 aliorum
447 3463 610 3540 naufragiis
631 3468 735 3525 naonili

147 3582 193 3635 ar,
221 3566 261 3622 116
287 3566 396 3623 maltos
417 3565 604 3623 eruditorum
626 3565 663 3623 ad
683 3566 738 3621 ali-

147 3665 216 3724 61116
231 3664 417 3737 propositum
434 3664 618 3722 eredendum
640 3664 739 3721 ineen-

147 3778 192 3834 se,
218 3763 279 3818 sia
311 3762 376 3818 viro
406 3768 530 3833 experto
559 3767 738 3818 moneantur

153 3875 276 3918 euersum
297 3859 428 3917 debeant
446 3865 550 3917 tenere
567 3864 617 3916 aut
631 3859 738 3932 quibus

147 3959 328 4018 strumentis.
349 3958 500 4017 Fabricius
518 3962 600 4014 66616
620 3958 681 4029 1666
699 3957 736 4013 61-

147 4057 281 4114 issimum
301 4057 363 4113 dux
377 4060 408 4112 ct
423 4059 528 4111 666166
542 4055 735 4112 consiliorum

148 4169 223 4227 oque
241 4160 385 4210 maturius
396 4158 426 4208 et
442 4151 585 4209 intentius
599 4151 733 4209 elabora·

148 4255 192 4311 ino
211 4250 373 4309 admodum
392 4249 510 4320 juvenis
525 4250 679 4324 ’6666161616
703 4255 733 4306 61

148 4351 168 4408 16
188 4349 262 4406 siris
275 4349 370 4405 doctis
390 4349 590 4418 innotescere,
612 4346 732 4421 probari

153 4449 183 4506 in
204 4447 406 4505 admiratione
425 4462 487 4503 esse
507 4446 618 4518 eoepit.

148 4550 191 4615 pta
211 4544 274 4602 6166
294 4544 373 4602 66116
390 4543 420 4601 16
435 4543 604 4600 1666166166
620 4548 730 4600 testen-

148 4644 200 4702 tius
216 4643 373 4701 elenchum
395 4648 428 4701 at
447 4643 505 4699 viri
526 4624 636 4700 literati
657 4640 736 4697 61166

148 4758 158 4799 6
179 4741 364 4816 potissimum
385 4739 433 4799 hie
452 4739 612 4799 admodum
623 4752 733 4810 oppor-

148 4840 302 4914 egendum.
317 4842 394 4898 Acer
409 4841 555 4911 tantisper
568 4839 597 4895 16
617 4837 733 4895 1166666

149 4954 193 4997 sm
206 4954 238 4995 se
254 4937 397 5009 ostendit,
412 4946 442 4996 at
456 4938 526 4996 dein
543 4953 595 5011 per
610 4952 732 4995 omnem

148 5038 733 5110 ursumcensurasinsrjnrtatnsnliisla·

808 436 866 494 ello
893 433 1088 521 condonarit,
1108 437 1223 495 monita
1247 438 1375 497 aliorum
1399 455 1494 513 aequo

805 533 907 591 animo
926 531 1056 603 admisit,
1078 548 1133 591 nee
1156 535 1276 609 seriptis
1300 538 1495 595 contentiosis

806 633 899 690 bonas
919 632 1009 689 boras
1029 629 1205 689 6166666661
1232 638 1277 691 161
1301 641 1495 694 monumenta

810 734 939 786 aetatem
960 727 1058 785 latura
1078 726 1154 798 eripi
1172 725 1230 784 sibi
1251 743 1352 801 passas
1373 739 1425 790 est.

842 825 887 884 Ab
906 843 984 885 6666
1004 824 1084 883 root.
1103 825 1153 883 die
1172 825 1206 882 13
1225 826 1301 884 16611
1322 843 1375 900 666
1403 829 1497 900 suajus

808 924 1014 998 quinquennio
1033 924 1162 996 spatium
1182 924 1346 998 llamburgi
1366 927 1396 984 in
1416 928 1497 986 aedi·

806 1021 859 1079 bus
869 1025 905 1080 11.
916 1022 1027 1096 1166661
1038 1022 1172 1079 substitit
1182 1025 1212 1079 et
1222 1022 1327 1079 studiis
1338 1023 1496 1081 literarum

807 1121 942 1194 graviter
960 1119 1044 1178 dedit
1063 1135 1197 1193 operam.
1217 1118 1350 1178 ilabebat
1370 1120 1411 1176 ibi
1426 1135 1497 1178 ean·

807 1213 980 1273 tabernulas
997 1220 1028 1273 et
1047 1214 1263 1272 commensales
1282 1215 1364 1272 viros
1381 1215 1496 1286 666166,

806 1321 896 1387 atque
915 1314 963 1370 bie
983 1313 1014 1371 in
1043 1314 1148 1385 primis
1176 1312 1385 1371 bibliothecam
1415 1329 1498 1371 suan

808 1411 945 1470 Latinum
956 1416 986 1468 et
997 1409 1054 1468 alia
1068 1409 1173 1468 edidit.
1185 1409 1323 1482 lllayeras
1334 1425 1415 1468 anno
1429 1410 1501 1468 16116

803 1511 948 1568 comitem
961 1508 1017 1567 sibi
1034 1509 1064 1566 in
1077 1508 1213 1568 Sveeiam
1228 1508 1374 1580 adiunxit,
1390 1508 1441 1566 ubi
1455 1508 1499 1566 61-

807 1609 884 1665 16166
902 1612 947 1664 661
964 1606 1075 1680 ltegem
1089 1587 1236 1666 'carolum
1250 1607 1301 1665 Xl.
1315 1612 1346 1664 61
1364 1607 1499 1666 celeber·

808 1706 901 1763 rimus
920 1706 983 1764 eius
1002 1704 1132 1764 66116616
1151 1704 1244 1762 61666.
1270 1706 1339 1763 Post
1367 1703 1500 1762 reditum

809 1812 929 1863 mortuo
942 1805 1048 1862 eodem
1062 1819 1141 1862 anno
1155 1803 1245 1861 6166.
1261 1802 1372 1875 aprilis
1386 1802 1499 1860 celebri

811 1903 967 1961 Vincentio
989 1903 1116 1972 Plaeelo,
1137 1902 1332 1975 Eloquentiae
1351 1908 1380 1959 et
1400 1902 1500 1959 Plsilo·

805 2001 930 2073 sophiae
960 2001 1109 2073 666611666
1138 2001 1320 2073 professore,
1347 2000 1500 2058 Fabricius

804 2100 834 2156 d.
855 2098 996 2156 161666
1022 2099 1053 2156 in
1082 2099 1145 2155 eius
1165 2097 1263 2154 loeuns
1282 2096 1422 2155 salicetus
1440 2102 1497 2165 est,

806 2203 836 2255 61
860 2196 949 2269 66616
969 2200 1036 2269 post
1060 2210 1193 2252 summos
1213 2195 1243 2251 16
1263 2195 1429 2268 Theologia
1448 2196 1498 2252 lli-

807 2295 879 2353 16611
897 2296 1028 2352 bonores
1047 2296 1186 2367 suscepit,
1208 2299 1335 2365 6616666
1354 2310 1409 2351 666
1434 2293 1499 2351 116-

809 2408 881 2464 6666
893 2398 1029 2466 argente,
1041 2391 1092 2465 qai
1105 2392 1135 2448 in
1150 2389 1351 2463 disputatione
1363 2390 1494 2461 quadam

807 2487 943 2546 Fabricio
957 2488 1173 2557 amplissimum
1187 2485 1314 2544 Eritraoi
1328 2485 1358 2542 16
1373 2485 1498 2542 Ρ16666-

810 2586 895 2642 111666
914 2600 943 2657 p.
962 2586 1009 2643 81.
1029 2586 1066 2642 66
1086 2579 1496 2651 11666616661166166661616·

807 2685 918 2742 dicium
937 2683 1102 2741 convenire
1122 2681 1206 2740 61611.

842 2782 1006 2855 llamburgi
1026 2782 1096 2839 16166
1111 2784 1291 2839 ornamento
1306 2779 1438 2837 maximo
1455 2795 1500 2836 cs·

807 2898 838 2938 66
858 2881 967 2952 666611,
988 2879 1039 2936 ubi
1061 2877 1237 2936 formandae
1258 2878 1295 2936 66
1326 2878 1498 2936 hamanita-

807 2985 867 3035 tem
896 2978 1048 3048 juventuti
1081 2976 1244 3033 admodum
1276 2976 1380 3034 sedulo
1413 2976 1500 3034 dedit

811 3090 934 3150 operam
954 3075 1051 3142 adeo,
1069 3080 1101 3131 ut
1121 3090 1175 3144 666
1192 3079 1306 3147 septem
1327 3083 1356 3131 et
1376 3074 1499 3145 triginta

807 3191 901 3233 annos
919 3175 971 3232 rix
989 3190 1134 3248 unquam,
1154 3172 1210 3230 nisi
1230 3173 1337 3230 morbo
1370 3173 1497 3244 impedi·

806 3281 862 3343 tus,
883 3272 1022 3331 barulum
1041 3271 1101 3329 suis
1122 3270 1376 3345 praelectionibus
1395 3269 1496 3327 detra-

806 3373 895 3429 xerit.
914 3371 996 3442 Quae
1016 3376 1097 3428 tanta
1116 3375 1237 3441 tamque
1256 3369 1399 3425 66611666
1413 3382 1500 3425 exer·

809 3470 922 3537 citatio,
936 3469 988 3525 vix
1001 3465 1154 3524 credibilis
1172 3466 1310 3523 videatur
1330 3465 1451 3534 exteris,
1470 3465 1500 3521 in
1528 3482 1533 3491 ·

812 3573 872 3623 tam
892 3565 997 3623 6111666
1018 3564 1167 3621 librorum
1187 3562 1316 3621 lectione
1334 3563 1433 3620 omnis
1448 3578 1500 3635 go·

812 3664 892 3722 neris
912 3668 1081 3736 persanata,
1102 3662 1132 3718 in
1149 3667 1230 3718 tanta
1247 3660 1441 3719 multitudine
1455 3659 1500 3717 la·

810 3760 1083 3819 boriosissimorum
1098 3757 1244 3816 librorum
1258 3759 1366 3831 abipso
1376 3759 1502 3830 seriptu-

810 3874 888 3916 rum.
908 3859 1030 3931 Deque
1050 3864 1132 3914 reete
1162 3856 1204 3913 lo.
1224 3855 1376 3914 Fabricius
1401 3854 1500 3912 Abbas

810 3959 839 4015 16
860 3959 996 4015 Historia
1015 3955 1208 4013 Bibliothecae
1239 3968 1309 4010 suae
1336 3952 1432 4008 Tomo
1453 3951 1499 4008 Vl.

810 4070 994 4128 magssopere
1027 4055 1162 4111 miratur.
1196 4053 1228 4110 ln
1254 4051 1299 4109 sai
1326 4050 1501 4108 muneribus

807 4154 974 4219 obeundis,
1009 4153 1038 4208 16
1067 4152 1170 4208 amieis
1199 4149 1332 4223 epistolis
1365 4146 1500 4205 rolendis

805 4267 900 4325 aeque
919 4250 1185 4323 diligentissimus,
1208 4247 1359 4322 quonaodo
1381 4247 1500 4319 pietatis

806 4350 985 4422 virtutisque
1008 4353 1038 4406 et
1065 4347 1142 4406 bene
1170 4346 1355 4420 compositae
1390 4344 1500 4401 mentis
1528 4373 1532 4381 ·

812 4448 928 4506 indoles
958 4449 1091 4505 tractum
1124 4446 1153 4502 16
1185 4461 1275 4502 omne
1310 4443 1389 4501 61166
1407 4458 1500 4515 genas

802 4544 951 4603 diffundat
979 4544 1180 4614 uberrimum,
1201 4542 1340 4615 66666616
1368 4554 1422 4598 suo
1452 4555 1501 4597 os-

811 4642 919 4699 tendit.

840 4740 914 4800 Nom
935 4742 1071 4814 prolaeta
1090 4743 1140 4815 qui
1161 4742 1242 4799 aliud
1262 4742 1382 4814 quidvis
1408 4756 1498 4814 quae-

806 4847 878 4900 runt
897 4841 928 4899 16
949 4842 1068 4913 11116616,
1090 4856 1180 4914 quam
1199 4847 1231 4899 ut
1243 4856 1275 4899 66
1295 4847 1325 4897 61
1343 4839 1417 4896 61166
1436 4854 1499 4897 me·

806 4941 897 4999 liores
917 4956 951 4997 66
969 4941 1168 5015 sapientiores
1191 4940 1329 5009 reddant,
1349 4938 1498 5011 gloriam-

805 5054 863 5112 que
878 5038 952 5099 6666
969 5038 1021 5094 Dei
1043 5045 1253 5111 promoveant,
1270 5054 1307 5095 66
1325 5040 1367 5096 1111
1386 5040 1415 5096 16
1433 5041 1495 5110 1666
