3458 5332
174 328 236 391 536
760 326 1090 391 esculentus

177 438 221 497 rio
232 437 446 516 lugdunensi,
459 436 652 498 lienischium
664 443 737 497 tom.
752 437 799 497 lv.
819 435 907 499 hoto
963 438 1029 498 trs
1054 451 1123 515 prag.
1140 432 1208 496 364.
1225 449 1291 512 cap.
1310 433 1381 494 369.
1397 449 1467 511 pag.
1483 435 1552 495 396.
1568 452 1626 515 seq.
1639 448 1666 498 et

176 548 245 591 rum
264 532 441 592 Sanctorum
460 532 540 592 lunii
559 531 608 594 33
623 547 690 611 pag.
708 531 778 592 349.
793 546 859 609 seq.
874 538 906 591 et
958 546 1023 608 cap.
1038 528 1105 591 464.
1124 544 1189 606 pag.
1203 526 1270 587 433.
1282 542 1347 604 seq.
1363 525 1612 590 Adversariorurn
1624 549 1665 593 sa·
1686 601 1688 607 ,

176 624 299 702 Pagium
317 623 355 684 ad
377 623 494 686 hunum
519 626 636 687 Christi
666 625 734 684 444.
762 625 904 701 quosqui
957 638 1089 684 crorum.
1109 619 1203 699 bugd.
1221 622 1309 681 4636.
1327 620 1528 699 ιιιῦειιιφιιι
1543 628 1665 685 menmin

177 718 323 778 attentius
340 717 531 785 lustraverit.
547 720 632 780 lacile
657 720 766 798 poterit
783 735 906 797 respon·
959 714 1150 777 bibliothecis
1165 717 1286 775 Petrum
1301 761 1309 790 ,
1322 720 1358 774 nt
1372 713 1469 794 bugd.
1483 723 1557 777 tom.
1574 719 1603 791 6,
1612 736 1666 797 pag.

175 809 247 871 dere
264 809 300 869 ad
324 827 380 882 ea,
397 829 475 889 quac
503 828 556 891 pro
577 814 671 874 altero
690 811 814 893 juniore
840 813 906 874 Ell—
959 807 1030 869 853.
1041 808 1151 869 Conler
1165 808 1312 868 isidorum
1326 810 1410 887 llisp.
1422 809 1486 870 Vll.
1499 809 1530 870 6.
1542 814 1668 890 senon

176 903 316 967 cursuro
333 904 528 984 laudunensi
539 907 756 985 objiciuntura
779 908 905 967 baronio
960 903 1075 980 ginum,
1092 909 1124 961 et
1151 899 1248 962 Bedae
1275 903 1544 980 interpretationes
1563 911 1632 965 tom.
1645 908 1668 967 3.

175 995 215 1057 ad
228 996 350 1058 Annum
369 999 437 1059 639.
459 1001 519 1079 iqui
539 1003 603 1079 ipse
624 1003 704 1061 notis
718 1001 755 1061 ad
782 1003 904 1078 llartyr.
960 995 1093 1075 Operum
1110 1012 1177 1074 pag.
1199 994 1268 1056 374.
1285 1011 1349 1073 seq.

178 1091 397 1153 ldliovembr.
411 1096 527 1156 veriora
545 1092 718 1170 tradiderat)
743 1094 906 1173 Theophilo
1002 1093 1029 1153 3.
1045 1086 1181 1169 Epistola
1202 1089 1401 1169 paraenetica
1425 1089 1465 1151 ad
1490 1088 1672 1153 Valeriorum

176 1184 342 1262 haynaudo
353 1189 382 1247 in
395 1187 905 1269 indiculosanctorumbugdunens.
958 1190 1120 1263 cognatum
1134 1180 1192 1256 ,(44
1207 1187 1356 1242 witimiro
1370 1182 1481 1244 llunds'
1493 1185 1524 1261 bl
1540 1191 1674 1248 eleaemo-

175 1282 259 1355 (tom.
274 1280 351 1341 44444.
377 1282 510 1360 Operum
536 1299 601 1362 pag,
621 1284 668 1342 48,
687 1285 761 1361 seq.)
789 1283 906 1344 nubea
960 1275 1037 1339 laris
1054 1273 1278 1356 Philosophiae,
1292 1279 1424 1355 scripta,
1437 1284 1477 1338 ιιι
1491 1278 1673 1354 videtur,er

176 1380 248 1434 tom.
263 1376 290 1436 4.
305 1373 344 1435 de
361 1376 391 1436 S.
406 1376 440 1437 6.
459 1392 524 1456 pag.
551 1377 620 1438 393.
649 1393 712 1455 seq.
741 1377 906 1439 habitlonio
962 1373 1107 1435 lirinensi
1120 1387 1245 1432 secessu
1261 1372 1317 1432 hu.
1334 1372 1402 1432 433.
1416 1375 1674 1435 Hanoanteltras

176 1466 317 1531 advitam
328 1469 540 1532 S.Consortiae
552 1470 692 1531 Eucherii
705 1470 781 1532 litiae
792 1475 905 1533 tomi.
957 1467 1094 1526 ticenum
1118 1472 1150 1524 ei
1178 1465 1342 1526 Romanam
1368 1466 1497 1527 4464144444
1522 1465 1672 1529 editionem

177 1563 278 1625 Actor.
298 1563 478 1625 Sanctorum
500 1563 611 1624 Bened,
629 1565 765 1643 aliisque,
961 1558 1292 1636 vulgavetniEraSmus
1302 1558 1360 1619 An.
1376 1559 1466 1621 ⁴52⁰.
1479 1576 1552 1622 cum
1563 1560 1673 1622 scholiis

216 1658 331 1735 Scripta
350 1659 379 1718 S.
397 1658 539 1719 Eucherii
559 1665 651 1719 sunt:
960 1653 990 1711 in
1008 1652 1037 1711 4.
1061 1658 1153 1729 atque
1177 1652 1246 1711 inde
1271 1653 1361 1714 4334.
1384 1653 1412 1713 4.
1439 1660 1474 1714 et
1501 1670 1574 1716 cum
1605 1657 1673 1714 notis

218 1751 246 1811 4.
263 1748 310 1811 nd
326 1751 402 1812 lilios
420 1767 513 1828 suos,
530 1770 607 1832 quos
624 1771 641 1814 e
657 1755 741 1816 Galla
762 1770 905 1834 snscepe
960 1748 1136 1807 lleribertus
1153 1744 1331 1807 ltosweidus
1344 1746 1545 1827 hntwerpiae
1557 1750 1673 1810 inhiet

176 1848 242 1920 rat,
264 1851 368 1924 postea
390 1847 555 1927 Episcopus
586 1850 745 1911 Vmunium
766 1857 797 1910 er
820 1847 905 1912 sale
960 1840 1074 1900 minore
1096 1838 1190 1900 torma
1206 1838 1361 1918 Philippus
1380 1840 1526 1904 Labbeus
1549 1843 1627 1903 4646.
1641 1849 1669 1902 ιι

176 1936 281 2015 nram,
299 1940 325 2014 a)
340 1940 416 2001 liber
435 1940 639 2021 formularum
656 1943 804 2023 spiritalis
821 1940 905 2004 intel·
957 1933 1036 2013 444644
1055 1933 1244 1994 vincentium
1257 1934 1401 1994 4444444446
1418 1941 1452 1994 ei
1467 1937 1498 1994 in
1524 1935 1667 1997 4444440444

176 2025 333 2110 hemmae,
352 2033 534 2098 distributus
567 2037 594 2095 in
624 2036 777 2098 undecim⁴
791 2039 902 2116 capita,
957 2028 1002 2089 444
1016 2029 1137 2089 Philum
1150 2031 1185 2087 44
1197 2025 1390 2106 4484444444
1401 2035 1477 2090 mm·
1495 2031 1525 2105 ⁶,
1537 2030 1668 2110 448454·

175 2125 783 2210 Bedaeleetnsdiligenter,obscurasque
796 2131 903 2193 Sacrae
957 2120 1071 2181 44444404
1087 2122 1179 2182 eiiam
1204 2123 1296 2181 444444-
1316 2127 1394 2201 4444·
1412 2124 1439 2182 4-
1465 2124 1627 2204 contigium
1639 2131 1669 2185 ti

176 2218 348 2297 scripturae
374 2222 541 2283 locutiones
561 2224 715 2302 pendens,
732 2242 803 2286 eum
820 2243 905 2304 prae.
958 2215 1123 2276 Antonium
1142 2214 1321 2290 Gndellnm,
1341 2216 1498 2279 Arnaldus
1522 2217 1668 2280 Andilius:

175 2313 318 2374 misnen
335 2315 770 2396 Veraniumsputora.rr0uur
784 2316 904 2381 additus
960 2310 1117 2388 hispanice
1142 2308 1312 2371 rudovicus
1336 2310 1559 2385 cenetensis,
1580 2313 1671 2374 iures

177 2407 244 2468 nliis
264 2408 462 2471 Eucherianis
475 2411 608 2473 Basileus
624 2412 711 2473 4334.
729 2412 777 2473 lol.
795 2411 905 2475 edente
959 2402 1133 2475 G·J0lli¹18»
1156 2403 1189 2463 H·
1217 2403 1402 2482 V⁸⁰Sh³⁰⁰³
1418 2403 1557 2484 4434444·
1583 2405 1671 2485 Bului

176 2501 290 2561 loanne
303 2501 642 2581 Alexandlimssicano,
656 2512 688 2566 et
699 2506 904 2569 Romaelhdl.
960 2499 1063 2577 scripti
1083 2498 1220 2558 meminit
1235 2496 1412 2559 Gennadius
1428 2514 1495 2578 cap.
1513 2500 1563 2562 63.
1691 2578 1696 2585 ¹

176 2593 225 2654 tol.
242 2593 321 2671 apud
336 2596 517 2669 bisuntium,
535 2605 601 2659 tum
617 2597 654 2659 ad
672 2599 785 2662 calcem
810 2600 906 2663 clavis
1002 2591 1029 2650 4·
1057 2590 1244 2670 0448444444
1275 2588 1313 2651 ad
1341 2589 1499 2652 4444444444
1528 2593 1673 2655 Aenean·

176 2685 358 2765 Scripturas,
370 2705 462 2767 quem
480 2689 621 2753 Matthiae
638 2691 734 2753 Flauio
750 2692 905 2769 debemus,
963 2702 1027 2747 sem
1040 2688 1067 2761 c)
1081 2685 1257 2746 Antistitem
1274 2687 1441 2746 Lirinensis
1452 2687 1548 2748 eremi
1564 2686 1672 2748 deserta

175 2781 906 2864 rtinVinceutiibarralisChronologmLirinensi,
962 2787 1135 2858 petentem,
1153 2778 1190 2839 do
1211 2776 1299 2840 hudo
1325 2778 1434 2853 memi,
1452 2779 1536 2859 quod
1554 2778 1673 2841 mman-

176 2877 208 2932 et
224 2875 252 2933 in
265 2873 456 2935 bibliothecis
470 2876 591 2938 Petrum
604 2924 612 2952 ,
627 2883 660 2938 ut
674 2885 747 2940 torn.
765 2880 793 2938 6.
812 2880 905 2958 Lugd.
963 2870 1078 2933 44444444
1093 2877 1123 2933 tl
1140 2870 1224 2932 (44404
1244 2888 1380 2932 termut
1406 2871 1555 2934 4440444444
1582 2873 1673 2936 laudii

176 2981 242 3046 pag.
261 2965 330 3028 834.
347 2969 400 3028 llio
416 2975 464 3028 est
479 2968 553 3030 liber
568 2970 708 3032 Eucherii
723 2971 759 3032 de
774 2971 908 3053 myrtinis
962 2966 1095 3028 Isidorus
1107 2969 1188 3046 llisp.
1199 2965 1237 3027 de
1252 2967 1284 3027 S.
1297 2967 1332 3027 8
1345 2984 1411 3047 cap.
1430 2969 1480 3030 45.
1496 2970 1614 3030 Primus
1622 2967 1674 3028 edi-

176 3056 628 3143 verborumsipm'fieationihus,
647 3082 738 3142 quem
751 3082 821 3127 curn
833 3067 908 3128 cae·
962 3060 1006 3122 dit
1020 3061 1172 3123 Gilbertus
1188 3059 1403 3122 Geuebrardus
1426 3063 1520 3123 Paris.
1547 3062 1632 3125 4378
1651 3062 1673 3120 8

175 3152 246 3215 sarii
262 3154 516 3218 admonitionibus
530 3158 649 3219 histum
668 3163 790 3220 exstars
807 3161 838 3218 in
859 3159 906 3220 m-
961 3162 1076 3216 etcum
1094 3157 1248 3235 superiore
1264 3153 1594 3232 Epistolallosweidus
1608 3156 1672 3217 Ant

175 3245 322 3311 bliotheca
333 3250 574 3327 llelmstadiensi,
592 3258 700 3313 notant
709 3253 908 3332 conringiana
962 3266 1059 3328 werp.
1071 3249 1158 3309 4634.
1172 3249 1199 3308 8.
1211 3248 1388 3308 Vincentius
1402 3249 1535 3310 barralis
1549 3265 1673 3329 quoque:

175 3343 322 3423 puplii.
338 3345 468 3407 Primam
482 3345 644 3406 editionem
656 3348 844 3409 Parislhhll.
859 3347 907 3410 43.
962 3340 1071 3403 deinde
1093 3340 1293 3402 Bibliothecae
1324 3343 1446 3403 {latrum
1469 3341 1617 3415 editores,
1647 3344 1697 3403 ao'

175 3436 368 3498 sinceriorem
383 3453 452 3498 esse
465 3481 472 3512 ,
486 3444 624 3500 caeteras
642 3440 839 3518 interpolatas
855 3457 908 3502 no-
965 3436 1148 3495 novissimae
1163 3434 1374 3512 Lugdunensis
1385 3442 1459 3496 inm·
1472 3436 1525 3509 Vl,
1536 3452 1604 3516 4448·
1615 3436 1673 3496 844·

178 3530 255 3590 tavit
269 3528 407 3592 Oudinus
424 3538 496 3591 tom.
516 3534 527 3592 4
544 3578 552 3607 ,
570 3549 637 3612 pag.
656 3534 745 3598 4330.
1003 3531 1030 3590 5.
1051 3527 1188 3590 Historia
1200 3527 1354 3606 passionis
1375 3531 1407 3590 S.
1427 3530 1575 3591 Mauritii
1587 3540 1619 3590 et
1636 3546 1675 3589 so

215 3624 243 3684 3.
262 3622 503 3683 instructionum
519 3623 557 3685 ad
581 3623 744 3687 &lonium
764 3624 905 3700 biblium
962 3624 1076 3684 ciorum
1104 3621 1531 3702 huniadensiumldartyrum
1555 3621 1678 3704 Lepiom's

175 3714 241 3777 libri
259 3715 342 3792 duo,
374 3732 502 3801 quornm
521 3720 617 3796 priore
639 3719 777 3780 dissolvit
802 3719 907 3780 didici-
963 3713 1080 3776 Felicis
1101 3711 1253 3775 Thebaeas
1269 3713 1325 3775 hn.
1344 3717 1376 3777 C.
1394 3716 1466 3776 386.
1481 3716 1512 3776 in
1530 3716 1679 3778 (lodicibus

174 3808 263 3869 liores
276 3808 314 3870 de
336 3810 453 3870 Veteris
479 3818 511 3871 ot
529 3812 602 3872 Novi
632 3815 818 3874 Testamenti
834 3813 906 3874 loeis
961 3808 1154 3887 interpolatis
1164 3808 1288 3888 perinde
1301 3826 1336 3871 ac
1347 3811 1565 3872 sincerioribus
1575 3811 1612 3873 ad
1627 3810 1678 3872 Eu-

175 3904 381 3983 quaestiones,
401 3903 496 3964 altero
515 3908 637 3966 nomina
652 3923 806 3967 sacrarum
826 3907 906 3967 litte·
962 3901 1096 3965 aberium
1116 3911 1268 3964 auctorem
1282 3904 1679 3985 relertur.lnterpolatae1·

176 4013 277 4058 rarum
294 3997 455 4072 llrbraica,
473 3998 673 4078 ponderaque
691 4012 722 4060 et
743 4016 902 4061 mensuras
961 4004 1022 4058 stat
1040 3997 1119 4076 apud
1143 4000 1291 4058 Boninum
1304 3997 1508 4059 hlombritium
1522 4045 1529 4074 ,
1543 4017 1603 4061 una
1619 4014 1678 4060 cnm

175 4098 206 4151 et
220 4092 278 4151 alia
296 4095 373 4153 scitu
391 4093 480 4173 digna
498 4110 554 4154 neo
574 4093 660 4156 obvia
679 4096 905 4173 interpretatur.
958 4092 1099 4170 Epistola
1112 4090 1149 4152 ad
1161 4090 1299 4172 sylvium
1317 4093 1392 4168 (sive
1410 4089 1680 4173 Salm'remlhlpiscn

175 4184 235 4244 llos
263 4185 353 4245 libros
382 4187 508 4247 Rustico
535 4187 623 4246 valde
656 4188 811 4262 laudatos,
835 4194 904 4267 post
961 4201 1033 4266 pum
1053 4184 1287 4246 Octodurensem
1306 4186 1336 4243 in
1357 4184 1490 4246 Vallesie
1507 4185 1633 4262 Galliae,
1650 4190 1676 4245 et

172 4276 384 4340 Bmssiounum
407 4280 565 4351 ,nasitene
586 4282 676 4342 4330.
691 4289 723 4342 et
740 4284 904 4343 Romanam
961 4280 1063 4340 minus
1093 4277 1253 4339 emendate
1277 4279 1368 4338 etiam
1396 4277 1477 4356 apud
1494 4279 1619 4340 Surium
1632 4280 1673 4339 33.

175 4367 336 4432 editionem
354 4370 442 4433 4564.
466 4377 622 4435 recensuit
642 4377 672 4435 in
697 4376 903 4436 lirinensibus
958 4371 1160 4452 Septembris,
1173 4377 1207 4431 et
1220 4372 1251 4430 iu
1268 4370 1399 4431 editione
1411 4386 1505 4448 quam
1516 4389 1589 4434 oum
1601 4375 1673 4433 notu

133 4490 141 4499 ·
179 4464 244 4524 suis
261 4464 438 4529 Vincentius
459 4466 588 4528 Barralis
606 4466 744 4548 Lugduni
765 4469 855 4531 4643.
871 4468 898 4528 4.
1099 4464 1103 4475 “

176 4560 241 4616 ιιιιιι
267 4559 400 4619 loannes
427 4558 598 4621 Ludovicus
621 4561 660 4622 de
677 4561 705 4623 la
722 4561 819 4624 Cerda
834 4574 899 4640 cap.
1000 4597 1027 4657 ⁸)
1039 4598 1076 4648 A,
1091 4599 1123 4646 a,
1139 4604 1273 4648 conteneo
1285 4612 1375 4648 ,mm
1387 4599 1578 4654 „mmm
1586 4600 1682 4653 m„

954 4684 1003 4724 nor
1022 4673 1105 4733 bene,
1117 4675 1149 4722 do
1161 4675 1219 4724 utta
1236 4675 1374 4726 solitaria.

218 4740 245 4802 ι)
264 4743 408 4796 Gennadius
423 4756 479 4808 cop.
496 4746 536 4796 68.
562 4744 831 4799 romannorum
849 4755 907 4807 pre.
998 4747 1027 4809 b)
1044 4751 1096 4799 ttae
1112 4751 1235 4812 seriptum
1253 4752 1357 4813 resptett
1373 4753 1521 4802 honoratus
1536 4756 1563 4802 tn
1577 4755 1630 4802 mm
1646 4752 1684 4800 444-

173 4810 228 4864 334.
245 4827 298 4878 req.
953 4820 1009 4872 larii
1037 4823 1185 4874 arelatensis
1211 4837 1267 4886 erp.
1286 4828 1305 4876 4.
1324 4825 1348 4887 s.
1364 4824 1390 4874 n.
1407 4824 1476 4887 apnd
1495 4829 1598 4878 6ιιι4ιιιιι
1621 4832 1645 4877 tt
1660 4828 1681 4874 n

219 4887 247 4948 b)
265 4891 473 4943 tlunottlontnm
483 4895 623 4946 Eucherius
635 4897 746 4950 celebrat
762 4900 908 4951 institutum
956 4899 1025 4946 netu
1040 4901 1190 4948 sanctorum
1206 4898 1248 4950 dle
1264 4903 1293 4951 v.
1309 4903 1378 4964 uult.
1393 4900 1533 4952 nemmem
1547 4903 1610 4952 tote
1624 4899 1683 4950 sert·

173 4965 341 5030 mortumque
356 4967 390 5018 ab
401 4971 530 5020 honorato
542 4971 710 5032 semineus.
731 4973 826 5024 tltlrrto
842 4977 905 5024 tro·
955 4977 1004 5035 pta
1019 4972 1052 5022 ll.
1069 4973 1195 5022 Eucherii·
1206 4974 1334 5037 praebent
1348 4978 1571 5042 attestationem,
1587 4991 1638 5042 pau
1649 4973 1680 5024 ol

172 5040 263 5092 latensi
274 5074 282 5100 ,
294 5040 443 5094 Ιιιιιιιιιιιι
455 5042 572 5098 talitano
587 5053 613 5098 et
626 5048 760 5098 vinaentto
770 5049 909 5100 murensi.
958 5058 1017 5098 snm
1029 5046 1131 5098 directo
1149 5055 1295 5101 testantur.
