3458 5332
663 336 948 401 conannas
1503 346 1563 409 aas

46 442 171 504 Parisiis
189 441 269 503 4844
281 487 289 518 ,
303 440 331 502 8.
350 441 408 501 sab
425 441 498 504 ialso
515 442 604 505 titulo
618 443 773 505 CLAUDII
868 447 902 506 ln
919 445 1085 523 Epistolam
1103 444 1145 505 ad
1160 444 1384 526 Philippenses,
1402 447 1445 509 ud
1463 449 1572 511 Titum·

46 533 319 597 Autissiodorensis
335 550 462 597 recusas
479 533 509 595 40
522 537 712 598 bibliothecis
722 539 777 598 Pa·
829 535 912 598 etad
926 535 1080 598 Hebraeos
1103 537 1167 599 loca
1188 539 1311 599 adducit
1327 541 1494 604 Richardus
1511 544 1557 604 Si-

52 638 134 691 trum
146 635 179 689 04
194 630 361 688 0044004400
374 629 511 707 Lugdun.
526 637 548 690 t.
562 631 649 708 XlV,
664 649 692 710 0.
706 633 774 693 444.
830 647 900 690 4000
919 633 991 690 4040.
1007 633 1047 690 lll
1059 631 1200 692 historiae
1218 633 1348 692 Criticae
1365 635 1440 694 Novi
1458 637 1564 697 Testa-

87 724 304 800 Fragmentum
320 723 734 798 praelationisCommentarii
745 724 776 784 in
831 725 926 782 400044
942 739 1009 801 pag.
1027 712 1080 785 364
1103 732 1134 783 04
1152 724 1210 786 363
1227 732 1258 785 04
1274 743 1340 804 pag.
1351 727 1409 786 364
1426 733 1560 789 40040404

52 813 234 877 4404440000
250 813 286 873 04
305 816 428 874 tastum
454 816 601 878 Abbatem
619 818 776 879 Carroien·
831 816 861 873 in
879 814 989 876 Codice
1006 816 1177 878 Colbertino
1202 819 1259 877 44044
1275 834 1423 879 00004004
1441 827 1564 881 0404040

52 923 233 986 sem,qaem
245 906 600 970 Graeconomineetiam
610 911 776 972 Eusebium
832 907 890 968 sab
919 909 1033 971 Claudii
1062 912 1184 970 nomine
1220 909 1257 970 04
1296 912 1409 972 calcem
1440 913 1564 991 genuini

50 1001 193 1080 appellat,
210 998 267 1060 An.
286 1000 354 1062 8t5.
376 1003 504 1079 scriptae
531 1002 624 1064 044444
644 1003 774 1065 lacobus
831 999 898 1078 ejus
916 1003 945 1061 ia
961 1003 1058 1081 Epist.
1086 1002 1124 1064 ad
1148 1005 1298 1063 Romanos
1325 1004 1560 1082 Commentarii,

52 1095 193 1156 Usserius
219 1094 250 1152 ia
276 1093 420 1171 Epistolis
447 1095 614 1156 Hibernicis
643 1112 710 1176 pag.
739 1099 777 1159 53
833 1093 926 1154 aliam
955 1095 985 1153 in
1007 1096 1112 1173 Epist.
1138 1093 1180 1154 ad
1202 1092 1356 1156 Hebraeos
1373 1095 1565 1158 diversuma

51 1203 110 1248 ana
126 1201 199 1247 cam
215 1183 402 1246 dedicatione
426 1187 542 1265 pridem
570 1188 651 1249 edita
668 1189 705 1250 ad
724 1189 781 1251 Ga·
834 1188 931 1265 priore
957 1195 989 1248 et
1005 1189 1136 1249 eandem
1153 1177 1224 1250 cam
1242 1190 1309 1263 illo,
1326 1191 1377 1267 qui
1394 1188 1497 1251 editus
1512 1196 1560 1250 cst

51 1280 136 1353 latas,
146 1283 300 1339 auctorem
317 1294 432 1339 vocans
447 1279 641 1342 CLAUDIUM
656 1283 781 1343 Scotum
835 1280 893 1341 sub
908 1278 1057 1342 Ambrosii
1076 1284 1215 1359 nomine,
1239 1271 1310 1343 cum
1339 1282 1395 1342 4400
1415 1287 1566 1343 retracta·

53 1371 279 1449 Presbyterum.
299 1373 542 1433 Commentarius
564 1375 628 1453 ipse
645 1374 710 1435 libri
729 1376 782 1434 tri·
836 1372 913 1434 tione
933 1374 1038 1438 Claudi
1055 1376 1194 1454 Episcopi
1216 1373 1253 1435 40
1271 1376 1445 1438 auctoribus
1460 1377 1562 1454 expla-

53 1465 109 1527 bas
125 1464 263 1545 digestus
278 1470 364 1526 04404
374 1467 404 1524 40
416 1468 508 1527 variis
518 1466 632 1528 Galliae
642 1467 780 1528 8444440444.
837 1469 993 1528 nationum
1021 1484 1113 1547 super
1128 1468 1226 1547 Epist.
1243 1466 1281 1528 04
1299 1468 1458 1529 Hebraeos.
1483 1467 1564 1529 Illud

53 1565 87 1620 at
108 1558 231 1636 collegii
251 1560 437 1619 lesuitarum
457 1561 618 1621 Parisiens
637 1567 670 1620 04
688 1563 716 1620 40
733 1562 781 1621 Bi·
835 1577 953 1638 quoque
978 1560 1010 1620 in
1025 1552 1217 1641 praefatione
1234 1578 1401 1642 commoneo
1410 1606 1421 1639 ,
1437 1561 1482 1622 mi
1495 1560 1567 1622 cba-

53 1650 202 1713 bliotbeca
219 1652 373 1713 Ecclesiae
389 1651 611 1714 Laadunensis.
622 1652 696 1714 Vide
707 1653 782 1713 Lab
838 1653 979 1730 rs'ssime,
996 1659 1032 1713 04
1046 1653 1128 1715 00404
1144 1655 1306 1733 Origenem
1324 1654 1386 1715 tria
1412 1652 1566 1716 uolumina

53 1745 100 1806 bei
109 1752 133 1805 t.
145 1745 166 1804 l.
178 1742 216 1805 de
227 1745 256 1806 S.
269 1746 303 1805 E.
321 1764 349 1824 p.
368 1746 437 1807 448.
455 1752 486 1806 04
503 1746 580 1807 Bibl.
592 1746 675 1807 44488.
688 1764 717 1825 p.
730 1746 779 1807 84.
838 1744 869 1804 40
894 1744 971 1805 44000
997 1744 1162 1825 Epictetum
1183 1747 1417 1828 conscripsisse,
1432 1764 1520 1828 00004
1534 1752 1565 1808 04

93 1840 159 1900 Duo
176 1838 333 1899 Volumina
361 1841 391 1898 40
419 1839 468 1899 404.
488 1839 781 1911 Commentariorum
837 1854 891 1898 nos
915 1856 958 1899 ecc
980 1844 1070 1917 porte
1096 1840 1193 1900 secuti
1217 1857 1341 1901 sumus:
1359 1841 1563 1919 Apollinarem

56 1930 87 1992 in
109 1929 240 1992 Paulum
264 1931 438 2011 Apostolum
456 1935 610 2011 <exceptis
637 1933 782 2012 Epistolis
837 1931 926 1992 etiam
943 1931 1149 2010 etDidymum
1164 1932 1310 2011 quosdam
1328 1933 1566 1996 Commentarios

56 2025 93 2086 04
109 2025 396 2086 Thessalonicenses
413 2032 444 2086 et
460 2025 682 2100 Timotheum),
699 2026 782 2087 MSS.
838 2022 975 2100 edidisse,
988 2043 1004 2085 e
1018 2021 1131 2105 ¹quibus
1150 2023 1219 2085 licet
1229 2042 1332 2105 00000
1346 2024 1562 2104 decerpsimus,

58 2119 87 2178 in
103 2113 285 2178 Floriacensi
303 2118 409 2193 (440440
426 2120 569 2180 Vaticana
586 2118 781 2193 Bibliotheca)
832 2116 928 2196 plura
945 2118 1034 2178 etiam
1051 2137 1094 2180 00
1109 2118 1210 2179 satuti
1228 2118 1292 2179 Viri
1311 2117 1473 2196 Augustini
1498 2134 1566 2179 400

56 2211 286 2289 Colbertinaqae
304 2217 335 2271 et
350 2210 581 2272 benedictorum
599 2213 629 2272 S.
640 2211 783 2272 Germani
838 2210 956 2289 tentiis,
974 2229 1053 2291 quas
1065 2229 1124 2292 004
1144 2211 1280 2273 diuersos
1294 2212 1360 2292 eJ'us
1378 2209 1472 2274 libros
1485 2211 1568 2272 inae·

58 2303 94 2364 40
109 2305 217 2364 Pratis.
229 2305 327 2363 Etiam
346 2305 375 2362 in
394 2305 576 2365 Bibliotheca
587 2306 678 2383 Regia
689 2306 781 2365 Paris.
837 2303 906 2364 nire
926 2305 1097 2384 quivimus,
1117 2305 1194 2367 bono
1224 2305 1422 2386 0000404004
1450 2304 1568 2386 4404440

59 2397 87 2456 40
112 2395 282 2475 Epistulam
310 2394 352 2455 ad
377 2399 544 2473 Romanos,
563 2397 612 2458 ubi
640 2396 785 2477 Angusti—
839 2396 918 2475 4040,
942 2405 972 2460 04
996 2398 1139 2460 00000440
1167 2417 1246 2479 quae
1275 2397 1360 2459 nobis
1386 2395 1570 2482 0440400404

60 2507 153 2565 num,
170 2496 203 2550 04
224 2488 255 2549 40
280 2495 441 2570 utramque
468 2489 714 2567 ad'Corintltios,
733 2489 784 2551 abi
837 2492 1059 2573 arlp'uneimus,
1074 2494 1139 2555 siue
1156 2491 1393 2569 subirascimus,
1408 2497 1444 2552 04
1458 2489 1569 2552 studio-

59 2584 203 2645 llilariam
231 2582 395 2644 Diaconum
422 2586 552 2644 maxime
574 2586 720 2663 sequitur.
736 2585 784 2646 Ex
838 2586 1009 2647 casstatim
1025 2586 1220 2667 40044004040
1238 2584 1382 2647 4004040444
1403 2587 1565 2664 00004004,

59 2674 106 2737 illo
122 2674 329 2737 adhumanas
346 2675 402 2736 hoc
419 2677 449 2736 S.
467 2673 627 2755 Augustini
653 2677 783 2757 elogium
821 2676 983 2757 hocopus
999 2677 1049 2739 uel
1063 2678 1195 2740 alienum
1212 2695 1277 2740 esse
1292 2678 1342 2740 004
1356 2683 1506 2738 nostrum.

59 2768 144 2830 044044
160 2767 328 2829 bichardus
344 2770 498 2831 Simonias
515 2787 581 2850 pag.
599 2771 667 2832 288.
685 2777 717 2831 04
734 2770 783 2831 lib.
878 2770 1378 2833 Punouuobumaaditoribassais
1389 2774 1568 2851 exposuisse

60 2863 85 2924 8.
103 2861 248 2923 historiae
273 2863 400 2925 Criticae
426 2865 500 2925 Novi
519 2866 705 2924 Testamenti
721 2880 786 2941 cap.
840 2871 872 2925 et
885 2863 978 2942 jassa
996 2865 1139 2926 Ladovici
1158 2867 1351 2945 Imperatoris
1372 2867 1463 2927 etiam
1480 2882 1572 2947 expo

60 2956 117 3031 444,
138 2973 206 3035 pag.
229 2957 299 3017 384.
324 2954 558 3018 Amantissimus
581 2955 787 3017 1400404000-
842 2959 982 3019 044400004
999 2976 1087 3020 00040
1098 2952 1412 3037 0040400004404440000
1422 2959 1569 3022 Claudius

61 3048 213 3123 ctissimus
228 3049 434 3126 4000044000,
452 3050 588 3111 00404000
612 3050 786 3124 4440440444,
843 3051 906 3128 ipse
922 3057 1056 3114 testatur
1083 3052 1113 3109 in
1140 3051 1325 3129 praefatione
1349 3050 1387 3111 04
1402 3050 1570 3131 Epistolam

64 3140 168 3223 440000
181 3143 315 3222 Spiritus
328 3143 449 3220 Sancti,
465 3149 603 3204 terrenus
617 3143 720 3218 bomo,
736 3142 789 3203 sed
842 3141 881 3203 ad
907 3143 1097 3220 Corinthios,
1114 3143 1194 3220 apud
1216 3143 1398 3203 bichardum
1415 3144 1571 3204 Simonem

61 3234 196 3297 000400440
205 3233 340 3314 0000400,
352 3236 383 3295 40
393 3235 660 3316 00000440000404
666 3241 787 3296 nostrae
842 3241 913 3314 tom.
933 3237 983 3296 444.
1000 3235 1142 3296 historiae
1155 3235 1284 3296 Criticae
1295 3236 1366 3296 Novi
1384 3236 1571 3295 Testamenti

61 3326 250 3403 0044044004,
263 3328 294 3387 40
307 3327 531 3408 quaestionibus
545 3327 694 3390 solvendis
714 3345 787 3388 000
842 3343 909 3405 pag.
926 3329 994 3389 336.
1011 3330 1045 3388 40
1064 3327 1191 3389 Genesin
1207 3327 1299 3388 libros
1313 3329 1363 3387 444.
1374 3327 1432 3387 An.
1445 3328 1514 3388 844.
1532 3328 1567 3389 40

59 3427 117 3499 tus,
128 3422 161 3482 in
171 3421 358 3483 revincendis
369 3421 528 3484 haereticis
543 3423 786 3502 circumspectus,
841 3418 985 3480 Eoeodum
1005 3421 1096 3481 libros
1117 3419 1234 3482 lV.An.
1246 3421 1314 3482 844.
1331 3421 1572 3495 commentaria,

58 3517 89 3576 in
105 3514 297 3598 suplicandis
313 3516 476 3595 scripturis
490 3514 641 3577 cononicis
656 3521 786 3593 000404,
843 3516 908 3574 sive
923 3512 1149 3594 informationes
1160 3513 1277 3575 litterae
1291 3520 1321 3575 et
1333 3511 1462 3593 spiritus
1477 3529 1569 3593 super

58 3616 112 3673 040.
128 3611 185 3672 Eoo
201 3610 297 3691 ipsius
323 3611 422 3670 sancti
439 3609 505 3670 Viri
523 3609 693 3686 4004004444,
711 3627 788 3690 quos
844 3607 1006 3670 Leuiticum
1032 3611 1161 3687 scriptae
1188 3609 1247 3670 An.
1263 3610 1330 3671 823.
1349 3615 1380 3669 et
1402 3606 1518 3668 divisae
1541 3608 1572 3666 40

55 3720 115 3783 040
131 3703 343 3782 diversisque
362 3701 449 3764 libris
465 3702 599 3764 invenire
616 3701 787 3782 quivimus,
843 3702 935 3762 libros
969 3708 1119 3781 quatuor,
1154 3700 1412 3780 Theodomiroqae
1443 3699 1572 3775 Abbati,

57 3797 135 3859 bano
152 3796 351 3875 exposuimus
368 3794 556 3875 Epistolam,
574 3793 682 3874 aliqua
699 3795 789 3856 etium
845 3795 919 3868 40440
936 3801 1039 3873 000400
1062 3794 1253 3870 adversario)
1271 3793 1370 3855 dicata
1390 3792 1495 3855 habuit
1510 3794 1571 3865 440-

56 3893 249 3969 eaeOrigcnis
261 3889 445 3970 expositione
457 3887 566 3950 ibidem
577 3888 788 3969 0440004000,
833 3887 1000 3964 billonius,
1032 3888 1309 3967 praelationemqae
1341 3892 1372 3946 et
1403 3886 1572 3948 clausulam

55 3982 321 4057 nonnulloetiam,
337 3988 371 4042 04
384 3981 469 4043 nobis
482 3982 655 4060 04000044,
666 3988 790 4063 004440-
844 3979 937 4041 edidit
964 3988 1037 4041 tom.
1056 3981 1078 4041 l.
1095 3981 1232 4041 Analect.
1260 3996 1327 4058 pag.
1346 3979 1393 4039 30.
1412 3978 1573 4055 (editionis

57 4077 220 4140 alcuimus.
240 4074 364 4136 Nullam
383 4075 621 4136 ammonitionem
638 4074 791 4136 meliorem
844 4089 940 4133 novae
957 4089 1022 4152 pag.
1041 4074 1099 4148 90.)
1116 4073 1226 4133 llabait
1242 4073 1334 4131 etiam
1352 4070 1489 4131 Labbeus
1506 4069 1571 4130 4000

47 4170 140 4252 00404
149 4169 394 4249 400004400οα0
404 4167 558 4253 Epictetus
565 4169 687 4248 primae
699 4167 793 4230 Pauli
845 4166 974 4228 laudato.
992 4168 1066 4227 44040
1084 4165 1280 4227 Tbeadcmiro
1297 4180 1418 4241 qaoque
1439 4163 1572 4243 dicatum

53 4261 200 4346 Apostoli,
217 4281 311 4343 quam
326 4262 409 4340 misi,
427 4262 501 4342 0040
518 4267 578 4322 4040
593 4261 789 4342 4040004404,
845 4259 962 4320 Claudii
982 4260 1233 4320 commentarium
1255 4259 1285 4318 ia
1301 4259 1398 4336 Epist.
1415 4256 1454 4319 ad
1470 4258 1574 4319 Corin·
1650 4317 1653 4327 ,

54 4365 89 4419 ut
117 4355 229 4418 merita
256 4356 406 4416 bominum
434 4353 536 4432 tollat,
552 4355 631 4417 unde
655 4355 790 4416 manime
845 4353 944 4425 444400,
962 4355 1078 4414 0040444
1103 4350 1271 4413 aichardus
1299 4352 1402 4413 Simon
1429 4358 1502 4412 torn.
1520 4351 1572 4412 444.

55 4468 137 4512 nuuc
153 4449 295 4511 44000044
309 4449 500 4529 0404400404,
518 4455 550 4510 04
564 4448 704 4510 Gratim
719 4448 794 4508 DEI
845 4445 987 4507 historiae
1004 4447 1131 4508 Celticae
1147 4446 1222 4506 Novi
1239 4444 1425 4506 Testamenti
1442 4462 1471 4524 p.
1487 4444 1558 4506 ¹355.

55 4543 251 4606 commendet.
714 4582 718 4586 -
885 4539 919 4598 40
935 4538 1127 4599 bibliothecis
1143 4538 1363 4598 Parisicnsibas
1384 4538 1507 4616 reperiri
1524 4531 1571 4596 etss
1688 4579 1693 4589 .

98 4641 133 4700 ln
151 4638 318 4717 Epistolam
336 4638 378 4699 ad
393 4637 541 4719 Ephesios
557 4639 617 4699 blS.
635 4638 666 4697 in
683 4636 791 4696 44444440-
846 4635 904 4692 4040
921 4629 1074 4711 4404440400
1092 4629 1282 4704 canonicas,
1300 4635 1431 4691 testatur
1450 4629 1572 4690 Richar-

56 4734 147 4793 theca
170 4732 200 4792 S.
222 4733 364 4794 Germani
387 4733 425 4794 de
447 4733 552 4793 Ρ40440.
571 4730 789 4801 Praetutionem
837 4717 904 4785 'dus
917 4725 1019 4784 Simon
1038 4741 1103 4802 pag.
1122 4725 1182 4785 489
1204 4737 1353 4783 censurae
1370 4720 1571 4782 Bibliothecae

55 4844 117 4904 qun
140 4825 222 4885 444004
243 4824 354 4887 dicavit
376 4827 527 4888 Ladovico
541 4826 592 4885 Pia
614 4821 790 4902 Imperatori
845 4817 960 4880 Eccles.
978 4818 1085 4896 Dupin.
1104 4822 1248 4894 notatque
1263 4815 1443 4890 Claudiam,
1457 4813 1570 4892 ubique

57 4920 226 5000 publicavit
251 4920 440 4981 Mabillonias
461 4927 482 4980 t.
501 4922 523 4981 l.
542 4916 678 4981 Analect.
695 4932 724 4994 p.
744 4914 791 4974 444.
847 4905 932 4990 'sequi
945 4912 1116 4972 versionem
1127 4910 1157 4971 8.
1171 4908 1462 4986 llieronymi,quam
1472 4903 1571 4968 norel-

61 5011 153 5090 (edit.
177 5029 272 5074 novae
293 5031 321 5091 p.
346 5011 418 5087 94.)
847 5005 909 5067 lum
920 5004 1093 5084 appellabat
1103 5021 1163 5066 000
1175 5001 1262 5065 40040
1273 5019 1312 5063 ex
1322 5001 1569 5080 seriptisl’atrum
