3458 5332
193 326 270 376 xtttt
710 310 929 372 t0.1)0.tt.
965 309 1170 371 llilell.

192 437 269 499 quas
300 419 428 482 multum
457 416 518 495 jam
553 417 710 477 immutata
743 414 915 478 valetudiue
970 418 1069 475 censis
1084 415 1286 476 obscurorum
1302 415 1602 491 Acadernia3deiude
1617 433 1681 489 reru,

189 501 343 580 graviores
363 499 552 574 acrioresque
573 503 717 574 expertus
736 503 798 570 est,
820 499 917 576 magis
971 493 1061 573 idque
1083 499 1189 556 merito
1208 505 1240 556 et
1260 498 1446 559 cumulatius
1462 495 1622 559 Academia
1638 500 1681 560 lie-

190 597 282 660 quam
295 580 378 640 senio
388 577 553 647 conlectus,
570 577 618 653 pie
636 582 800 654 sancteque
811 594 917 655 quern-
970 575 1154 637 clesiasticac
1175 576 1324 650 historiae,
1345 593 1436 656 quam
1460 579 1490 637 iu
1507 593 1564 638 sua
1577 579 1681 642 civitate

189 659 352 722 admodum
370 663 512 736 perpetuo
534 657 670 732 vixerat,
688 655 818 717 decessit
837 672 918 718 anno
971 656 1105 716 llausius
1126 663 1187 716 tam
1210 656 1334 734 provide
1355 659 1540 733 instituerat,
1573 664 1607 720 ut
1624 663 1681 721 seri·

188 738 386 802 leCCLXlll
404 739 440 799 V.
459 734 526 798 Kal.
546 736 650 797 Octob.
972 737 1032 812 ptis
1048 736 1112 797 suis
1132 741 1163 796 et
1180 736 1318 813 exemplo
1335 736 1373 798 ad
1391 752 1478 798 sacra
1498 736 1600 799 studia
1618 743 1682 801 erci-

231 823 340 899 lngens
360 819 408 879 sui
428 817 611 877 desiderium
637 817 756 877 cunctis
776 816 915 896 reliquit:
971 822 1050 875 taret
1082 832 1198 882 omues.
1220 823 1254 877 ut
1278 823 1475 894 experrectae
1508 819 1680 894 potissimo·

190 901 285 961 comis
298 901 379 959 enim
390 913 511 976 semper
526 911 709 972 ergaomues
724 897 787 973 luit,
804 900 918 959 omnis·
972 895 1132 957 nobilitatis
1157 898 1275 973 ingenia
1298 897 1512 959 vehementius
1534 898 1683 961 inflamma·

188 997 248 1059 que
270 980 357 1040 officii
379 977 650 1055 diligentissimum
682 978 766 1037 victu
797 994 916 1055 parcus,
971 983 1017 1035 ret
1039 978 1146 1054 (atque
1186 978 1300 1037 utinam
1321 994 1439 1054 quasa
1460 978 1624 1041 maioribus
1647 997 1683 1041 aa·

189 1061 273 1122 cultu
286 1058 452 1132 modestus,
464 1058 554 1118 vultu
566 1055 677 1129 hilaris,
695 1058 917 1135 ingenuusmo-
970 1056 1087 1133 pienter
1108 1057 1244 1116 instituta
1261 1064 1334 1117 suut
1351 1056 1456 1135 perdiu
1483 1059 1684 1131 retinerentur,

189 1138 314 1215 ribus,a
336 1139 444 1217 quavis
465 1137 513 1197 vel
532 1137 654 1197 minima
671 1137 832 1199 ambitione
846 1140 917 1200 alie-
970 1134 1023 1195 sed
1044 1153 1079 1197 ea
1101 1136 1301 1198 humanarum
1323 1154 1425 1198 rorum
1448 1137 1582 1199 conditio
1601 1148 1646 1201 est
1660 1149 1685 1201 ut

191 1236 259 1292 nus,
280 1236 350 1297 erga
373 1232 520 1295 pauperes
540 1215 690 1293 liberatis,
707 1218 745 1278 de
766 1219 846 1279 omni
864 1219 917 1279 ho-
969 1213 1083 1276 diutius
1104 1218 1177 1294 ipsis
1193 1218 1358 1277 consistere
1380 1219 1548 1279 autetiam
1571 1222 1685 1281 existere

191 1300 308 1360 minum
319 1297 433 1369 ordine,
447 1297 485 1357 dc
500 1296 579 1357 omni
592 1311 745 1359 sacrarum
757 1301 915 1377 praecipue
971 1295 1032 1355 iere
1049 1313 1107 1356 non
1126 1296 1241 1372 liceat).
1262 1295 1319 1368 Qui
1341 1297 1371 1356 in
1394 1295 1498 1374 majori
1523 1298 1554 1360 S.
1582 1301 1684 1361 uacci

190 1378 414 1456 disciplinarum
437 1394 545 1455 genere
565 1376 677 1456 optime
699 1381 836 1439 meritus.
971 1376 1082 1453 templo
1100 1376 1243 1437 nonnulla
1262 1376 1371 1437 viderit
1385 1387 1585 1439 monumenta
1600 1387 1684 1442 erecta

230 1459 304 1519 liius
322 1464 448 1518 mortem
460 1457 612 1518 lectissimi
624 1458 717 1529 cives,
728 1459 916 1538 populusque
971 1461 1062 1533 atque
1075 1457 1224 1534 insculpta
1241 1456 1346 1534 elogia,
1358 1456 1534 1519 transivit
1548 1459 1636 1522 huius
1646 1476 1686 1540 go

189 1538 332 1600 luxerunt
343 1537 515 1615 plurimum,
528 1539 664 1598 tulerunt
673 1554 739 1598 eam
751 1540 822 1599 item
835 1556 917 1600 acer·
971 1538 1052 1595 neris
1063 1543 1260 1597 monumento
1274 1539 1408 1597 caruisse
1421 1537 1522 1598 lorsan
1536 1539 1686 1615 mirabitur,

189 1616 311 1678 bissime
328 1633 399 1678 suae
410 1619 655 1696 congregationis
666 1621 840 1694 praesertim
854 1621 915 1681 Lu·
969 1613 1023 1674 sed
1046 1624 1275 1677 monumentum
1299 1631 1369 1677 aere
1391 1621 1573 1693 perennius,
1604 1635 1687 1699 neque

188 1700 289 1758 censis
310 1697 456 1776 Collegae,
478 1714 606 1774 quorum
629 1697 840 1760 bibliothecam
863 1717 915 1776 pe-
970 1694 1030 1755 ullo
1052 1712 1185 1773 unquam
1209 1704 1343 1775 ternpore
1364 1699 1563 1760 interiturum
1596 1706 1687 1762 ertaot

190 1778 302 1856 rampla
329 1784 420 1854 atque
440 1780 550 1839 eximia
571 1778 712 1838 librorum
735 1780 912 1858 supellectili
967 1780 1063 1834 tutet
1083 1783 1144 1835 tam
1163 1777 1304 1853 praeclari
1320 1776 1397 1852 libri,
1418 1793 1497 1854 quos
1511 1779 1687 1857 ipsemetaut

188 1859 253 1919 suis
274 1856 447 1934 sumptibus
465 1865 600 1919 auxerat.
621 1859 765 1935 Exequiis
786 1859 912 1919 solemni
968 1853 1108 1931 perdocte
1126 1858 1256 1933 scripsit,
1269 1863 1322 1918 aut
1341 1857 1516 1935 pereruditc
1530 1860 1687 1921 illustrauit

187 1953 296 2016 pompa
318 1939 346 1996 in
369 1937 472 2013 majori
493 1938 616 2016 Templo
632 1939 790 2000 celebratis
811 1939 913 2000 lauda·
948 1934 1129 1994 >Sublicium
1143 1943 1244 1996 tamen
1263 1936 1311 1996 bic
1327 1939 1568 2017 inscriptionem,
1584 1940 1688 2016 quaein

188 2024 239 2077 tus
263 2033 280 2076 e
301 2025 445 2096 suggestu
467 2018 523 2079 luit
545 2034 597 2097 pro
618 2018 765 2080 brevitate
797 2025 913 2098 tempo-
968 2014 1108 2091 plumbea
1130 2015 1216 2076 tbeea
1237 2017 1353 2076 inclusa
1371 2032 1441 2079 cum
1464 2021 1534 2080 eius
1555 2020 1689 2082 cadavere

186 2097 228 2156 ris
249 2095 366 2158 erudita
386 2103 418 2158 ct
438 2097 523 2159 docta
545 2102 687 2159 oratione.
719 2098 802 2171 Quod
831 2099 910 2159 idem
968 2093 1024 2155 luit
1045 2096 1074 2153 in
1098 2097 1215 2158 tumulo
1235 2098 1380 2175 apposita.

186 2176 226 2237 illi
259 2177 389 2240 cilicium
422 2186 524 2257 postea
546 2180 664 2258 egregie
684 2179 828 2256 persolvit
853 2180 910 2240 Lu-

866 2390 898 2450 l).
921 2384 955 2445 0.
978 2389 1014 2447 ll.

591 2523 721 2582 loannes
742 2522 915 2582 Dominicus
936 2521 1056 2598 losepbi
1078 2523 1181 2582 blansii
1204 2522 1285 2581 lilius

782 2603 926 2662 Patricius
949 2603 1090 2661 Lucensis

595 2685 709 2742 llorum
731 2683 881 2741 suavitate
903 2683 1070 2740 innocentia
1091 2682 1266 2741 castimonia

675 2761 778 2822 Effusa
801 2763 829 2819 in
852 2777 998 2839 pauperes
1019 2761 1193 2820 liberalitate

851 2840 1023 2900 Praeclarus

695 2918 871 2981 Eruditioue
893 2912 1169 2998 praestantissimus

677 3001 719 3059 De
740 3001 812 3077 liep.
833 3000 904 3058 Litt.
924 3000 1043 3076 Optime
1065 3001 1191 3060 meritus

595 3078 845 3157 brchiepiscopali
862 3077 984 3138 tandem
1003 3077 1146 3157 dignitate
1167 3090 1275 3142 auctus

718 3158 806 3218 Senio
827 3165 859 3216 et
875 3157 975 3218 labore
996 3159 1153 3219 coniectus

835 3236 916 3298 Obiit
936 3239 1033 3298 Lucae

725 3315 762 3376 V.
782 3316 847 3376 llal.
867 3317 934 3377 Oct.
955 3318 1164 3380 MDCGLXlX.

568 3398 650 3456 Vixit
670 3398 750 3457 Aun.
773 3393 919 3457 LXXVll.
941 3399 1024 3458 biens
1043 3399 1120 3460 Vlll.
1141 3399 1212 3461 llies
1234 3403 1299 3462 llll.

229 3609 266 3669 (⁹)
280 3605 311 3656 ln
325 3607 523 3668 inscriptionem
534 3618 608 3655 error
624 3618 686 3654 sone
697 3605 765 3654 eirca
777 3603 909 3654 diensium
962 3610 1039 3660 edidit
1055 3613 1087 3662 de
1104 3613 1195 3664 Memfi
1212 3614 1589 3673 vitnaFnANcssscfflNlo
1604 3621 1640 3672 co
1683 3644 1692 3662 ι

188 3681 331 3720 normarum
355 3669 472 3730 irrepsit,
489 3668 565 3717 scribi
591 3668 661 3715 enim
677 3667 825 3716 debeuisset
843 3666 909 3725 vlt;
964 3672 1054 3724 ldatris
1069 3673 1118 3725 Dei
1134 3684 1281 3732 exaratum.
1303 3692 1337 3730 ex
1357 3695 1409 3744 quo
1425 3681 1652 3737 Commentarios

186 3731 233 3781 niel
252 3744 315 3782 rero
332 3731 418 3794 potins
445 3742 546 3780 errasse
574 3729 704 3778 venetum
722 3729 911 3793 typographum
964 3739 1017 3786 tum
1035 3738 1228 3801 inscriptionem
1245 3744 1434 3806 excerpsimus.

187 3794 328 3844 dicendum
356 3792 401 3850 tlt.
424 3793 468 3856 qul
495 3790 661 3855 peramplum
689 3792 911 3842 commentarium
