3458 5332
484 432 825 525 PROVERBIA
862 433 1156 529 WIPPONIS
1189 421 1421 522 PRESB..

567 620 619 682 no
639 621 854 704 namurcum,
875 622 1045 690 conceal
1065 624 1139 684 mr.
1161 621 1301 683 molon

239 859 347 929 lneipit
356 858 506 914 inuentum
522 856 672 928 ‚reserem
679 857 837 929 proverie‘a
843 872 909 916 cere-
1010 836 1162 932 lejunium
1174 855 1250 928 [orte
1261 856 1365 911 lilerot
1377 870 1398 912 a
1409 856 1538 914 eeeunda
1550 862 1631 913 eoric.

255 1016 259 1022 Ι
274 949 345 1000 tum.
1011 943 1070 1012 Qui
1083 956 1142 997 non
1150 946 1245 1011 poleet
1251 944 1389 1012 jejunare
1402 983 1410 1010 ‚
1423 941 1521 998 dieaat
1532 940 1667 1011 eleemom-

236 1028 320 1083 Decet
332 1040 428 1096 nepem
442 1025 553 1081 dieeere
566 1026 665 1097 lepem.
1046 1041 1115 1084 num
1129 1027 1229 1093 dore.-
1336 1058 1339 1064 ,

234 1111 344 1167 Audiat
357 1125 414 1167 rece
434 1110 512 1183 quod
522 1110 671 1182 praecipit
692 1112 755 1168 lec.
1010 1110 1086 1171 liene
1099 1103 1243 1182 julilaiit
1254 1109 1306 1180 qui
1320 1124 1339 1164 a
1353 1108 1502 1184 lonoynon
1519 1110 1645 1166 ceeealil.

235 1197 338 1266 Lepem
352 1209 468 1265 seruare
483 1194 536 1250 loc
550 1200 591 1251 eet
605 1209 741 1266 repnore.
956 1192 993 1249 05
1010 1194 1117 1252 Meliue‘
1129 1199 1170 1249 eet
1183 1193 1330 1249 interdum
1344 1193 1496 1262 dormire,
1511 1208 1599 1265 quam
1618 1193 1672 1248 dia·

234 1279 348 1335 Notitia
360 1279 531 1335 litterarum
545 1277 602 1334 luc
618 1284 660 1334 eet
674 1280 856 1339 animarum.
1046 1277 1109 1332 oola
1123 1278 1245 1334 seruire.

236 1362 358 1433 Saepiue
376 1364 493 1434 offendit
507 1364 560 1436 qui
572 1363 669 1419 lumen
682 1378 740 1421 non
753 1366 890 1422 attendit.
1009 1363 1143 1420 Dormire
1158 1376 1218 1417 non
1231 1360 1353 1417 multum
1368 1360 1525 1416 exhilarat
1544 1362 1658 1418 cultum.

184 1446 203 1502 5
217 1447 277 1516 Qui
289 1444 370 1502 nabet
384 1448 557 1516 scientium,
573 1453 660 1503 ornat
673 1444 858 1505 cententiam.
1000 1446 1070 1516 ‘'Qui
1082 1461 1111 1502 ee
1125 1444 1235 1518 tutetur
1248 1460 1346 1512 reum,
1359 1444 1461 1514 plocat
1475 1445 1598 1503 olion.

237 1529 342 1590 Melior
354 1536 396 1589 eet
410 1531 574 1601 capientia,
588 1547 675 1604 quom
687 1532 909 1604 soeculariepo-
1014 1528 1071 1588 llli
1077 1534 1118 1585 eet
1124 1529 1442 1600 oercpoenieeneia‚ioi
1446 1528 1520 1585 DEI
1526 1529 1675 1584 clementio.

261 1615 377 1671 tentia.
1010 1613 1128 1684 Oportet
1136 1615 1213 1669 enim
1220 1613 1399 1684 parcerediu
1402 1613 1513 1682 poeitie
1521 1612 1554 1668 e'n
1562 1628 1676 1668 carcere.

237 1698 629 1772 Plueunieeeeeeneue,quam
636 1699 907 1770 multiplexceneue.
936 1749 939 1755 .
956 1699 994 1755 50
1013 1699 1100 1756 Valde
1111 1699 1259 1768 decipitur
1273 1699 1325 1770 qni
1337 1685 1675 1770 numquam‘corripiter,

235 1784 288 1842 cn
298 1783 416 1853 eapiene
424 1783 558 1848 mullum,
567 1783 619 1855 qui
629 1785 908 1855 amatllllleultum.
1009 1783 1179 1841 dmicalilie
1194 1783 1360 1853 increpatio
1372 1797 1433 1837 non
1448 1787 1491 1837 eet
1506 1782 1663 1838 damnatio.

237 1868 291 1925 Vir
301 1867 402 1939 fidelie
415 1873 575 1924 coronatur
590 1869 625 1924 in
637 1870 738 1926 coelic.
1010 1866 1113 1927 Oleum
1124 1868 1289 1937 peecatorie
1307 1867 1371 1921 laus
1386 1872 1427 1921 eet
1442 1865 1623 1931 adulatorie.

185 1951 220 2008 io
236 1953 314 2010 Bene
328 1953 488 2026 creditque·
503 1953 648 2009 neminem
660 1954 760 2011 laedit.
971 1972 974 1977 ·
1014 1950 1071 2010 llll
1083 1946 1171 2023 lonp'a
1192 1951 1315 2015 elrietoe
1331 1992 1338 2019 ,
1358 1951 1401 2005 ioi
1412 1950 1511 2008 oreris
1525 1955 1567 2006 eet
1583 1951 1679 2021 pietue.

237 2038 303 2114 Qui
308 2036 383 2106 tldue
397 2038 511 2093 seniori
523 2080 530 2104 ,
547 2040 739 2110 odproccimot
751 2039 867 2098 honori.
1017 2033 1121 2093 Vinum
1128 2030 1689 2107 multumetsorteparumdietatumorte.

236 2123 295 2190 Qui
307 2121 425 2192 confidit
439 2122 472 2176 in
486 2121 565 2180 odo
578 2164 585 2189 ,
600 2119 689 2194 sortis
703 2128 744 2179 eet
756 2128 788 2178 ut
803 2123 856 2181 leo.
958 2121 995 2177 55
1013 2117 1228 2192 Percrupulom
1235 2119 1294 2192 cili
1301 2124 1325 2172 et
1330 2123 1418 2189 potue
1421 2119 1504 2190 perit
1514 2117 1680 2175 nomototue.

234 2205 340 2264 Meliue
351 2210 391 2262 eet
403 2206 436 2260 in
449 2205 528 2263 ΒΕΘ
540 2221 672 2280 eperum,
687 2221 774 2281 quam
788 2209 911 2265 diuitiae
1012 2205 1070 2261 Per
1078 2203 1293 2259 moderantiam
1301 2205 1478 2275 peruenitur
1487 2203 1528 2259 ad
1538 2202 1681 2259 adundan-

194 2291 197 2296 ’
270 2303 456 2361 conprecare.
1046 2288 1131 2344 tiam.
1299 2333 1304 2340 ,

236 2373 413 2441 Fortieeima
427 2388 490 2442 epee
505 2372 651 2443 leatificat
664 2388 723 2431 ree.
845 2390 864 2423 .’
1012 2372 1197 2433 Mediocriter
1207 2374 1299 2443 pluro
1311 2373 1419 2444 pendet
1432 2377 1556 2428 natura.

185 2458 219 2514 15
238 2457 356 2513 Caritae
370 2471 429 2512 non
442 2456 509 2526 ‘fieta
522 2457 585 2513 odit
599 2459 718 2516 delicta.
1013 2457 1202 2515 provee-erum
1220 2457 1263 2514 Nc
1288 2455 1362 2528 quid
1387 2456 1480 2512 nimis
1500 2456 1639 2511 laudatur
1655 2454 1682 2507 e'n

225 2543 284 2610 Qui
302 2541 403 2611 dilipit
420 2539 562 2611 tratrem,
576 2543 677 2613 piacet
689 2544 806 2603 DElldl
817 2551 909 2617 etpa-
1044 2543 1165 2613 primis.

276 2628 362 2679 trem.
850 2654 852 2658 >
990 2619 1136 2684 ...invenie
1143 2627 1299 2704 ,onimoeue
1313 2639 1404 2681 eenec
1417 2623 1450 2695 fit
1464 2624 1623 2696 plorioeeee.

234 2711 363 2779 llepnum
377 2709 523 2766 coelorum
538 2725 598 2764 non
616 2717 658 2768 eet
672 2713 852 2769 invidorum.
959 2713 996 2770 60
1015 2704 1681 2782 Quitorpeecitdumcolet‚fripidueniiiloalet.

233 2793 394 2870 lleliueeel
407 2792 567 2850 humiliari
581 2811 667 2868 queem
682 2797 826 2854 meliori.
1013 2797 1072 2868 Qui
1085 2802 1168 2853 uacat
1185 2796 1218 2851 in
1231 2799 1397 2868 juventute,
1412 2792 1553 2868 tnurliatnr
1566 2793 1599 2847 in
1610 2803 1679 2846 eene·

234 2877 366 2934 Humilis
387 2875 471 2931 nomo
486 2878 649 2949 triumphat
663 2881 697 2936 iee
712 2880 806 2941 domo.
853 2935 856 2938 ⁴
1049 2882 1138 2947 ctute'.=
1584 2909 1586 2911 ·

188 2963 224 3019 90
243 2963 302 3034 Qui
311 2976 366 3034 per
381 2963 478 3017 ardua
492 2963 574 3018 uadit
587 3001 597 3029 ,
610 2965 728 3036 eoepiue
743 2965 833 3021 cadit.
1015 2965 1114 3021 Forlee
1133 2953 1195 3021 u'iri
1208 2963 1342 3018 omnilue
1356 2965 1425 3017 eunt
1440 2952 1524 3015 miri.

237 3047 304 3107 Viri
316 3047 400 3103 miter
415 3054 546 3104 renuunt
563 3048 638 3105 lites.
1016 3051 1102 3121 llepee
1116 3054 1142 3103 et
1152 3048 1303 3118 praesides
1318 3054 1383 3100 ‘nou
1397 3044 1474 3100 decet
1490 3057 1550 3100 eeee
1563 3041 1673 3099 derides.

238 3133 297 3203 Qui
310 3132 427 3190 occidue
439 3132 600 3200 rixantur,
614 3148 633 3189 a
644 3135 752 3206 pauce‘e
763 3141 911 3193 amantur.
1015 3131 1120 3190 Mundi
1131 3121 1254 3187 rectores
1261 3127 1582 3203 ‹requentc'umnomine
1588 3141 1678 3183 meree.

234 3216 326 3278 Meloe
334 3232 391 3289 pro
406 3216 623 3281 DEOtolerore
640 3224 680 3274 eet
699 3232 848 3289 superare.
965 3219 1001 3276 65
1019 3217 1085 3274 Viri
1093 3217 1276 3288 pontificales
1287 3216 1480 3271 conctie'eunt
1494 3213 1636 3286 cepuciee.

235 3303 323 3361 Pacis
338 3302 445 3356 donum
460 3301 593 3357 omnilue
607 3308 649 3357 eet
663 3303 777 3359 ionum.
834 3313 836 3317 ·
1014 3302 1121 3360 Medici
1134 3302 1303 3356 animarum
1316 3299 1488 3355 exorbitent
1498 3312 1616 3370 parum.

180 3387 217 3441 05
236 3387 295 3458 (iul
308 3388 343 3440 in
350 3399 422 3455 pace
432 3383 622 3456 fundantur,
637 3387 908 3444 noneradicontur.
958 3420 965 3432 =
1015 3386 1124 3442 Contra
1140 3386 1240 3455 lupum
1254 3384 1381 3455 vicilare
1393 3389 1558 3454 eetroplue
1569 3385 1665 3439 citare.

234 3470 407 3526 Incendium
420 3468 560 3530 bellorum
573 3472 724 3541 corruptio
738 3476 778 3531 eet
789 3487 910 3528 morum.
1017 3471 1076 3539 Qui
1089 3470 1209 3528 uiduam
1229 3469 1357 3542 defendit
1373 3469 1411 3524 ud
1428 3468 1589 3533 Cilrietum
1598 3479 1680 3538 repen

235 3555 330 3610 Homo
340 3551 467 3622 pudicus
482 3558 524 3606 eet
537 3554 655 3608 animae
669 3555 791 3613 amicus.
807 3609 808 3612 ,
1052 3556 1157 3626 tendit.
1359 3622 1365 3629 ,

239 3636 295 3694 lior
300 3635 439 3708 [repuens
447 3633 582 3704 luxuria,
596 3640 898 3711 nondeeritpeemria.
1017 3640 1076 3710 Qui
1081 3639 1366 3710 vindicotpupillum
1377 3639 1462 3698 DEue
1470 3642 1588 3694 coronet
1596 3637 1679 3693 illum.

240 3720 377 3791 Voluptae
388 3720 657 3791 mundanueemper
665 3729 706 3780 eet
715 3739 803 3782 cana.
930 3718 934 3724 ’
963 3725 1000 3782 70
1019 3727 1187 3794 Pauperum
1208 3722 1373 3780 concolotor
1391 3725 1434 3779 eet
1457 3727 1594 3778 aeternae
1617 3722 1683 3780 uitae

183 3802 220 3859 30
237 3802 353 3861 ludicii
372 3803 547 3884 eontentiom
567 3812 678 3876 oportet
695 3808 778 3882 cepui
790 3810 911 3866 clemen·
1010 3821 1013 3827 “
1052 3813 1178 3873 amator.
1329 3858 1331 3862 Α
1416 3811 1418 3813 ’

173 3960 175 3964 ³
272 3889 361 3947 tium.
657 3894 660 3898 '
733 3892 735 3897 ’
1017 3883 1135 3964 Oportet
1147 3906 1248 3949 caoere
1262 3892 1423 3951 uanitatem
1441 3892 1552 3948 uidere.

236 3973 341 4034 Meliue
354 3980 395 4032 eet
408 3977 559 4035 interdum
574 3980 731 4052 lyconem,
746 3994 832 4052 quam
845 3979 911 4051 ciu-
1018 3978 1074 4034 cor
1088 3977 1219 4033 incendit
1233 3975 1333 4034 ocuiue
1346 3984 1378 4032 ut
1392 3977 1535 4048 stipulam
1546 3977 1666 4048 [oculere.

271 4059 380 4116 dictam
392 4077 523 4133 poscere.
777 4070 779 4074 ’
1024 4060 1161 4133 Voluptoe
1174 4075 1235 4117 non
1248 4063 1313 4118 uico
1326 4062 1416 4138 citiue
1430 4063 1490 4118 erit
1504 4062 1588 4118 elica.

237 4142 705 4214 Quimieeretur,mirericordiam
711 4142 911 4222 consequetur.
1018 4144 1205 4216 Quililenter
1212 4147 1687 4218 lonumuudit,eordelieumplau·

240 4225 360 4284 Verium
371 4232 504 4290 ceretatie
518 4235 666 4291 mecenio
675 4235 835 4306 judicatie.
1055 4232 1111 4287 dit.

239 4310 343 4368 Fuleue
358 4314 392 4368 in
403 4330 453 4372 ore
468 4322 546 4373 caret
560 4318 681 4374 nonore.
964 4317 1001 4374 75
1019 4317 1122 4376 Meliue
1133 4320 1174 4373 eet
1182 4330 1339 4386 pauperem
1350 4315 1456 4373 audire
1465 4331 1553 4389 quaen
1562 4317 1689 4374 eonitun

185 4395 223 4451 35
241 4395 301 4469 Qui
312 4395 443 4468 [aleitnte
458 4403 533 4460 uicit
548 4445 554 4471 ,
571 4403 670 4460 omnic
682 4403 800 4463 occidit.
1053 4401 1144 4457 lirue.
1431 4466 1434 4471 ι

239 4474 299 4552 Qui
308 4488 351 4542 eet
363 4483 471 4542 nllorie
482 4487 578 4553 dator,
590 4487 665 4545 nunc
675 4493 755 4544 amat
766 4488 913 4548 Suiuotor.
1018 4486 1170 4542 lncaeeum
1183 4486 1303 4545 miceroe
1318 4484 1421 4555 audit,
1437 4485 1490 4558 qui
1503 4500 1537 4541 oe
1549 4491 1576 4542 et
1589 4501 1689 4543 manee

182 4593 185 4601 ·
240 4563 343 4622 Omnie
358 4581 466 4627 avorue
481 4570 559 4627 nulii
579 4576 619 4627 eet
633 4586 730 4629 carue.
1054 4570 1175 4626 claudit.

240 4649 322 4703 Bona
336 4651 465 4709 tribuere
478 4668 537 4710 non
551 4661 592 4711 eet
606 4656 749 4712 minuere.
1018 4655 1135 4727 Linpua
1143 4652 1390 4727 placulilielipno
1402 4655 1481 4711 oilae
1492 4660 1533 4712 eet
1545 4669 1690 4729 comparu-

245 4731 300 4787 libi
311 4742 424 4804 pupnat
438 4744 539 4793 cancta
550 4741 656 4807 oratio,
671 4740 713 4795 iii
723 4742 913 4799 vinciturtri·
1055 4741 1134 4796 iilic.
1211 4738 1216 4751 '

278 4815 401 4875 bulatio.
1018 4826 1133 4896 Linpuo
1148 4824 1247 4880 doloea
1261 4838 1356 4896 eempr
1370 4829 1412 4879 eet
1426 4824 1541 4881 odioso.

189 4896 225 4950 00
247 4899 428 4958 lnceeeonter
442 4919 528 4961 orare
543 4913 586 4962 eet
605 4908 711 4964 delicto
720 4926 859 4983 purpure.
1019 4908 1078 4977 (lui
1092 4908 1221 4980 loquitur
1235 4908 1357 4963 moderic
1374 4908 1447 4964 iiber
1460 4914 1502 4965 eet
1517 4920 1535 4964 u
1553 4916 1642 4980 pecte.

244 4983 318 5040 liene
333 4992 398 5040 orat
413 4990 462 5059 oui
478 4992 510 5045 in
524 4993 607 5046 cordo
621 4992 730 5061 plorat.
968 4992 1005 5048 80
1024 4993 1128 5052 llanue
1143 4994 1207 5047 eine
1223 5008 1307 5065 opere
1322 4995 1499 5051 mendicabit
1512 5011 1643 5067 propere.
