3458 5332
191 332 252 396 523
775 315 1106 393 EUCHEltlUS

233 441 281 504 40.
308 436 490 500 Eaelmrtutio
519 433 560 493 ud
587 432 745 495 llonuchos
776 435 909 514 duplex,
964 435 1134 499 Eucherius
1156 438 1328 517 passionem
1354 439 1444 518 legis
1464 440 1611 503 Thebaeas
1628 442 1668 504 da

197 555 256 597 una
274 551 351 612 qnae
369 533 489 610 incipit:
507 528 587 606 Quid
602 526 687 591 vobis
701 526 909 607 exhibeamus,
964 532 1096 607 dicavit,
1123 529 1265 610 disquirit
1286 531 1503 595 Tillemontiua
1530 539 1597 596 tom.
1615 537 1669 598 llll.

191 628 307 710 fratres
324 622 504 687 charissimi.
528 626 569 685 84
594 622 710 696 altera,
737 622 826 702 cujus
855 625 911 683 ini·
963 643 1031 707 pag.
1054 624 1121 687 434.

194 725 289 785 tium:
309 721 344 780 14
360 717 437 779 hunc
454 716 521 799 fere
538 715 657 777 modum
674 716 793 798 ortissu:
806 716 913 780 414464
1003 720 1232 796 8861188188,
1246 736 1307 780 444
1328 721 1563 801 Lugdunensis,
1579 724 1625 785 sed
1636 725 1669 785 at

192 817 282 877 11444.
299 815 409 876 Exstat
428 814 455 872 in
476 812 584 874 Codice
604 810 775 889 regularum
794 812 911 873 4141444-
963 815 1060 876 torius
1077 813 1179 891 sedis,
1196 816 1378 877 Provinciae
1393 823 1450 888 ,nt
1459 816 1595 888 videtur,
1610 818 1669 879 hee

195 912 283 971 niano
298 910 410 970 ltornae
433 912 466 968 ot
491 907 583 968 Paris.
612 905 692 966 edito
719 925 748 985 p.
775 908 833 981 65,
860 903 908 967 57.
962 908 1088 969 latensis
1108 908 1297 988 Episcopus,
1314 910 1368 986 qui
1390 909 1533 970 interluit
1556 910 1669 972 subscri

192 1000 374 1083 hppcndicis
403 1006 436 1063 44
466 1003 496 1061 44
522 999 596 1061 3441.
622 1001 744 1061 l’atrnm
772 997 909 1077 Lugdun.
963 1002 1083 1081 psitque
1110 1003 1252 1064 conciliis
1277 1001 1451 1064 Arelatensi
1475 1004 1524 1065 tv.
1546 1002 1669 1066 114321.

190 1104 262 1157 torn.
273 1095 322 1156 27.
341 1112 370 1173 p.
384 1093 453 1168 430,
465 1092 533 1156 434.
552 1091 601 1154 ubi
615 1089 909 1153 nondebebatomit-
963 1097 1225 1175 carpentoratensi
1253 1094 1310 1157 An.
1327 1094 1407 1158 -527,
1431 1097 1611 1160 Arausioem
1644 1106 1670 1159 et

190 1191 232 1263 ti,
254 1204 332 1267 quae
351 1186 502 1248 incedam
518 1184 683 1267 appendice
697 1203 726 1264 p.
743 1186 785 1247 60,
799 1184 909 1264 legitur
963 1190 1090 1250 vasensi
1102 1188 1158 1250 44.
1176 1189 1245 1250 aaa.
1258 1190 1311 1251 1144
1327 1189 1450 1252 amicus
1464 1193 1593 1255 Caesarii
1608 1190 1668 1254 444

190 1282 331 1346 Eucherii
345 1277 508 1342 admonitio
523 1276 566 1339 46
581 1277 725 1357 14494444,
742 1294 820 1357 quae
837 1279 911 1338 4444-
963 1284 1109 1358 totenais,
1127 1283 1165 1345 de
1181 1299 1242 1362 qno
1257 1284 1433 1363 Cyprianus
1459 1285 1629 1346 ‘tolonensis
1645 1288 1669 1345 in

188 1380 251 1458 pit:
285 1374 322 1438 84
335 1372 493 1455 adspectas
517 1369 690 1447 4444464444,
715 1367 907 1432 accusabiles
964 1377 1096 1439 Caesarii
1108 1379 1171 1439 vita
1180 1394 1245 1457 cap
1257 1378 1297 1440 22
1311 1378 1393 1457 apud
1408 1379 1536 1441 Surium
1548 1379 1594 1442 st.
1605 1381 1660 1459 hug

188 1469 282 1551 filiae.
564 1480 567 1485 ’
963 1469 1133 1533 Eucherius
1160 1472 1218 1531 iste
1251 1470 1290 1531 ibi
1316 1471 1446 1550 quidem
1477 1472 1666 1552 8446444444

231 1568 278 1628 44.
294 1563 449 1626 (14444644
464 1579 530 1641 cap.
547 1562 587 1623 63
598 1563 678 1621 teste
695 1559 819 1620 1444444
834 1558 910 1621 Cas·
963 1564 1130 1644 Episcopus
1153 1563 1340 1644 appellatur,
1364 1565 1419 1627 'sed
1436 1567 1466 1627 in
1484 1561 1611 1646 quatuor
1624 1568 1669 1628 Co-

193 1659 276 1720 siani
291 1656 442 1738 quaedam
457 1658 483 1732 41
501 1651 647 1734 opuscula
664 1650 825 1712 1010444140
845 1668 910 1712 ter·
962 1657 1080 1720 dicibus
1095 1659 1204 1735 hlStis,
1221 1675 1299 1737 quos
1327 1660 1463 1739 inspexit
1486 1661 1663 1736 hntelmius,

190 1755 437 1829 memetipsum
459 1744 548 1809 verbi
568 1744 720 1808 resolvens
742 1743 910 1805 tramitem
962 1769 1023 1813 vor
1038 1750 1246 1831 1496444444
1261 1752 1466 1816 desideratur.
1558 1764 1561 1769 ’
1596 1758 1599 1764 ’

191 1863 286 1908 uuum
301 1843 394 1924 coepit
418 1840 565 1905 volumen.
595 1842 734 1919 Epitome
761 1839 810 1900 illa
827 1840 911 1901 aaa
1002 1847 1239 1926 EUGHEltlUs,
1256 1846 1489 1911 Aurelianensis
1507 1850 1661 1931 Episcopus,

191 1942 267 2004 siaul
284 1955 354 2002 cnm
369 1939 436 1999 aliis
454 1936 595 2000 Eucherii
610 1935 732 2014 scriptis
756 1932 836 1994 edita
854 1933 911 1993 lio
963 1937 1016 2000 aad
1034 1937 1090 2001 Αῃ,
1108 1938 1168 2001 727
1186 1943 1300 2001 missus
1318 1942 1507 2018 inexilium,
1524 1950 1556 2005 ea
1574 1945 1598 2004 ii
1610 1959 1662 2003 (aa

191 2052 259 2097 mae
281 2034 368 2107 4661,
386 2031 435 2092 tol.
457 2036 489 2091 et
505 2031 618 2091 Graeca
635 2028 793 2107 Epitomes
811 2026 910 2085 versio
964 2032 1050 2093 nobio
1078 2034 1227 2095 Trudonis
1254 2036 1284 2094 in
1309 2034 1412 2114 Belgio
1440 2035 1602 2098 defunctus
1620 2035 1662 2097 44.

194 2133 223 2189 44
238 2127 402 2189 Athanasio
416 2123 674 2186 Monttauconiano
692 2127 764 2181 tom.
788 2122 816 2182 3.
842 2137 909 2201 pag·
964 2126 1033 2190 713.
1051 2126 1126 2207 Ejus
1142 2127 1206 2188 4444
1228 2145 1245 2189 a
1262 2125 1439 2206 synchrono
1464 2133 1608 2212 scriptore
1621 2137 1667 2191 tra

191 2224 261 2284 366.
276 2219 349 2282 41464
367 2234 457 2300 supra
474 2220 505 2278 in
518 2218 682 2291 Cassiano,
700 2221 772 2275 tom.
791 2216 818 2276 4.
842 2230 910 2293 pag·
963 2220 1025 2282 dita
1039 2228 1124 2283 artat
1140 2221 1220 2302 apud
1237 2222 1360 2283 Surium
1379 2223 1419 2284 20
1438 2224 1527 2286 Febr.
1544 2231 1575 2287 et
1589 2226 1669 2285 since

191 2317 260 2380 323.
274 2318 453 2394 Quanquam
469 2329 541 2373 vero
555 2311 691 2373 Cassiani
701 2310 813 2386 scripta
827 2323 909 2368 ama·
964 2318 1023 2376 rior
1036 2318 1064 2376 in
1083 2315 1168 2377 hctis
1184 2317 1363 2378 8444444444
1389 2317 1548 2379 Februarii
1567 2326 1633 2379 tom.
1647 2317 1668 2377 t.

190 2414 235 2472 vit
251 2409 439 2481 Bucherius,
457 2403 703 2483 Semipelagianis
734 2409 836 2462 tumen
861 2416 909 2460 ac·
962 2420 1028 2489 pag.
1042 2411 1110 2472 247.
1128 2410 1161 2470 14
1180 2409 1286 2470 iisdem
1303 2409 1443 2471 hctisad
1460 2411 1589 2473 eandem
1601 2411 1667 2472 dien

190 2505 307 2567 censeri
345 2506 505 2580 propterea
539 2514 597 2559 non
624 2496 743 2557 meruit.
778 2494 909 2557 Consule
962 2498 1668 2586 μ8,477,444,44Ευ(;ΗΕ1410’4444344444

192 2597 340 2658 horisium
359 2593 430 2655 hist.
455 2591 550 2669 Pelag.
569 2591 616 2665 ll,
634 2591 672 2650 43
690 2596 720 2649 44
748 2589 909 2649 Tillemon·
963 2606 995 2661 er
1009 2598 1180 2676 ijecrino
1192 2589 1229 2658 ad
1243 2599 1354 2658 Mosam
1366 2598 1534 2678 Episcopo,
1544 2598 1669 2661 defuncto

191 2691 266 2751 tium
294 2695 366 2748 tom.
395 2686 470 2760 XV,
499 2685 668 2746 memoriar.
694 2701 722 2762 p.
742 2684 793 2743 434
814 2727 821 2758 ,
845 2698 909 2758 seq.
964 2693 1020 2755 Αῃ,
1039 2693 1109 2755 526,

191 2794 343 2856 Oudinum
359 2800 430 2852 tom.
450 2794 478 2853 4.
496 2809 561 2870 pag.
576 2791 663 2862 4243,
676 2805 721 2866 sq.
737 2790 905 2849 llonoratus
1003 2785 1253 2862 EVEllhRDUS,
1273 2788 1367 2859 intra,
1384 2785 1600 2851 Evlthltotis.

191 2890 220 2949 in
237 2889 300 2948 vitu
315 2890 345 2948 8.
364 2883 479 2946 iliaris
489 2882 677 2943 Arelatensis
692 2897 757 2960 cap.
777 2883 804 2941 4.
823 2880 850 2959 ᾗ.
868 2881 905 2940 46
1001 2879 1239 2957 EVEltBlNUS,
1257 2881 1333 2941 inira
1351 2880 1584 2945 EVERVlNUS.

188 2979 268 3061 apud
280 2982 362 3042 11444.
381 2973 752 3053 14444414444446541444
771 2976 905 3049 Surium,
1003 2973 1321 3037 samartanum
1345 2976 1414 3036 Dux
1444 2975 1666 3055 Fomjutiensis‚

188 3072 483 3150 llenscheninmqne:
496 3069 557 3132 Sed
565 3086 601 3130 44
612 3068 680 3151 quis
693 3083 739 3129 mc
752 3067 909 3151 4444444444
964 3085 1056 3147 gener
1073 3068 1216 3131 Ludovici
1233 3071 1275 3128 Pii
1290 3069 1364 3146 Imp.
1382 3075 1414 3129 et
1433 3072 1524 3132 Pater
1539 3073 1671 3147 8444444

192 3166 275 3251 444144
301 3164 443 3251 fortassis
470 3179 628 3238 asserere,
654 3162 853 3224 testimoium
873 3163 906 3221 14.
965 3163 999 3221 rii
1027 3162 1130 3224 ltaliae
1160 3164 1257 3242 liegis.
1292 3162 1515 3225 Testamentum
1538 3165 1595 3226 hn.
1622 3162 1670 3223 334

192 3260 353 3332 84444444,
382 3256 524 3338 Episcopi
550 3255 640 3335 1446.
652 3256 772 3336 justum
795 3253 912 3316 credidi
966 3257 1112 3334 scripturn
1140 3255 1234 3317 edidit
1260 3257 1430 3318 Florentius
1452 3260 1588 3320 llaraeus
1612 3256 1673 3318 lilim

189 3353 409 3426 4644644444,
428 3351 484 3431 qui
508 3349 621 3411 llitarii
646 3348 794 3410 uolumine
813 3362 910 3427 prosu
965 3348 1078 3410 Gallice
1098 3348 1179 3409 edito
1197 3348 1235 3410 de
1252 3350 1436 3412 castellanis
1454 3351 1671 3421 insulensibus,

188 3464 340 3528 versaque
365 3450 505 3527 percepto
533 3443 576 3503 ita
600 3441 766 3523 respoudit:
790 3443 907 3502 ltictum
965 3443 1076 3503 insulis
1091 3444 1181 3516 4614,
1200 3443 1227 3503 1.
1241 3448 1274 3504 44
1289 3451 1358 3523 post
1375 3461 1448 3505 eum
1462 3445 1618 3508 hubertus
1633 3445 1673 3505 14

185 3541 306 3602 dilllcile
323 3549 390 3613 ost,
412 3540 516 3616 quanti
534 3537 607 3598 mihi
630 3538 716 3616 pretii
733 3537 845 3596 tuerint
861 3536 909 3595 lit·
964 3551 1054 3596 meus
1072 3537 1101 3594 iu
1124 3537 1229 3597 notitia
1256 3537 1463 3599 Ecclesiarum
1488 3541 1603 3620 Belgii,
1622 3538 1673 3601 44

190 3641 273 3695 toruo
288 3633 458 3694 sanctitatis
472 3637 552 3705 tuae,
571 3630 729 3708 inquibus
746 3631 786 3689 ita
801 3645 909 3708 exper-
964 3637 1072 3708 twerp.
1091 3630 1190 3704 4630,
1210 3630 1236 3690 1.

189 3734 252 3789 tom
268 3724 438 3787 facundiam
456 3727 635 3804 recognovi,
663 3727 746 3785 sicut
771 3730 859 3783 tenes
879 3722 909 3781 in
1003 3721 1257 3784 8184868308
1285 3722 1322 3784 de
1356 3722 1516 3803 Vitelms's,
1545 3726 1670 3790 PriorS.

190 3820 256 3883 aliis
273 3818 439 3880 modestiae
453 3832 635 3895 morumque
645 3817 786 3897 operibus
801 3818 910 3895 princi·
964 3816 1142 3880 catharinae
1159 3815 1197 3877 de
1222 3817 1368 3894 Cultura,
1390 3835 1430 3880 ex
1456 3819 1574 3882 Ordine
1593 3820 1674 3883 Vallis

189 3919 304 3993 patum.
323 3912 448 3991 Ignosce
464 3909 502 3970 de
523 3916 554 3971 te
577 3909 712 3972 studiose
735 3912 849 3971 minora
867 3908 911 3969 di·
960 3909 1165 3984 scholarium,
1181 3912 1292 3972 Doctor
1306 3913 1399 3973 Paris.
1414 3913 1473 3974 ho.
1497 3915 1588 3977 4267.
1610 3913 1675 3994 ujus

189 4009 293 4082 canti,
314 4007 384 4086 quia
405 4020 526 4083 semper
555 4007 585 4064 in
611 4003 831 4083 praedicatione
861 4004 910 4065 sui
962 4021 1081 4066 4444444
1095 4002 1234 4084 64144444,
1252 4007 1318 4066 sive
1331 4022 1508 4068 smmomm
1523 4005 1673 4070 4444444444

188 4104 288 4163 virtus
309 4100 469 4176 erubescit,
485 4114 556 4160 cum
572 4099 627 4159 hoc
645 4101 744 4179 ipsum
762 4113 909 4158 4444444-
963 4104 991 4159 44
1006 4096 1222 4180 [4444444444444
1239 4117 1298 4179 par
1313 4118 1429 4161 444444
1449 4102 1595 4164 volumen
1621 4102 1675 4166 118

188 4194 255 4256 diae
266 4209 363 4273 genus
380 4208 450 4271 pars
468 4208 577 4272 magna
594 4194 717 4253 virtutis
734 4192 783 4251 sit.
964 4199 1040 4253 tum.
1058 4190 1133 4251 11464
1152 4192 1308 4254 Oudinum
1325 4201 1399 4255 tom.
1417 4197 1448 4258 3.
1461 4213 1531 4276 pag.
1550 4198 1618 4258 toa.
1653 4251 1657 4257 .

229 4288 275 4348 84
297 4283 441 4346 laterculo
462 4287 527 4345 sive
544 4285 721 4347 calendario
749 4281 910 4344 Ptolemaei
983 4284 1674 4367 EVEltllhliltUSNurembcsphts,0rd.Prned.

190 4382 256 4441 sivo
268 4381 300 4440 P.
316 4379 434 4442 semei
449 4380 575 4442 Sl'll'll
588 4378 624 4440 ad
639 4378 822 4440 Eucherium
840 4377 910 4456 Epi·
962 4379 1043 4439 circa
1059 4376 1181 4439 hunum
1201 4381 1278 4440 4130
1298 4382 1473 4443 laudatura
1493 4384 1611 4444 Joanne
1625 4384 1675 4459 hyr

189 4488 314 4553 scopum
326 4474 382 4535 44.
400 4474 620 4535 4444144444
638 4472 814 4532 ianuarium
825 4475 857 4529 et
871 4467 910 4529 de
963 4471 1036 4533 dero
1060 4473 1118 4548 111,
1137 4473 1175 4534 42
1193 4473 1351 4535 1444444444
1368 4520 1376 4547 ,
1393 4476 1544 4554 pluraque
1561 4476 1676 4539 Cuncta

190 4566 335 4629 lasrlmte
351 4615 358 4646 ,
374 4576 406 4629 ot
427 4569 465 4629 de
494 4565 650 4629 mensibus
676 4564 744 4626 aliis
767 4569 910 4642 excerpta
963 4565 1118 4627 natorihus
1134 4566 1218 4627 utilia
1235 4569 1395 4647 scripsisse
1411 4567 1599 4647 perhibetur.
1612 4567 1676 4628 l'ide

190 4659 337 4735 quaedam
349 4657 907 4738 oxirihottoannesliollnndnspraelat.
963 4658 1105 4719 iacobum
1120 4659 1223 4731 Quetil
1238 4667 1311 4721 torn.
1328 4662 1351 4722 l.
1368 4678 1435 4740 pag.
1454 4661 1527 4722 730.

190 4747 228 4808 ud
249 4758 320 4812 tom.
354 4757 380 4815 4.
405 4754 505 4815 44444.
529 4756 663 4815 Sanctor.
685 4752 818 4814 ianuarii
839 4767 906 4829 pag.
1002 4751 1286 4827 8484883888,
1316 4755 1611 4831 811831183114148,
1641 4769 1673 4812 ex

192 4840 303 4903 Xllll.
322 4864 385 4925 seq.
403 4844 525 4907 idemne
550 4848 600 4909 hic
629 4848 668 4907 sit
696 4844 840 4922 Sylvius,
857 4843 906 4903 cui
963 4840 1176 4906 hltimontensi
1194 4848 1223 4906 in
1252 4848 1430 4924 llaononia,
1458 4846 1673 4911 Blandiniensls

233 5048 255 5091 ⁸*
275 5054 390 5109 Quetoor
406 5050 484 5102 144444
500 5056 530 5105 de
542 5058 670 5107 institutis
683 5053 872 5105 Emuouomns.
1002 5053 1031 5114 a)
1047 5055 1108 5108 4164
1125 5054 1254 5109 Meum
1270 5064 1291 5108 t.
1307 5059 1324 5107 2
1341 5071 1366 5121 p.
1382 5058 1441 5109 645.
1461 5061 1579 5110 tusi-
1593 5052 1673 5120 m
