3464 5318
618 344 1008 409 44444444444
1502 363 1560 426 3,,

66 456 239 519 collectanei
253 471 424 516 sermonum
449 455 484 516 de
500 455 597 518 uariis
625 474 785 536 arcumen·
880 454 960 517 *De
982 458 1029 536 pio
1052 456 1135 519 obitu
1163 458 1314 522 4444444444
1337 463 1428 527 huius
1454 474 1560 529 extant

65 551 299 612 ti's:etFlorum
311 551 557 630 scripturarum,
570 555 634 614 sive
647 551 783 613 brevium
839 548 943 609 literae
964 551 1125 612 enciclicae
1146 552 1182 612 ad
1205 556 1361 618 Praesules
1382 558 1559 621 Germaniae

63 645 284 725 expositionum
305 644 495 707 diversorum
516 663 625 706 sacrae
646 645 783 725 8444444-
836 639 924 701 datae
943 659 960 702 a
977 645 1067 703 Lucio
1089 646 1137 705 444.
1160 646 1243 706 Pont.
1264 650 1340 709 Max.
1363 651 1507 730 legendae
1528 656 1558 713 in

62 757 118 799 roe
136 738 287 814 locorum,
305 741 334 798 in
363 740 451 817 cujus
472 742 620 820 prooemio
638 745 728 817 negat
748 755 781 800 se
836 735 1000 796 Vindemiis
1017 738 1127 799 literar.
1146 740 1300 801 schannat
1316 750 1388 803 tom.
1408 747 1443 805 44.
1464 750 1530 808 448.

61 835 220 894 affectasse
243 832 432 894 Gallicanum
458 832 577 894 dicendi
598 831 782 911 eloquentiae
875 829 1123 894 CHRISTIANUS
1150 837 1186 894 44.
1214 834 1465 916 Archiepiscopus
1494 843 1556 902 tlo-

61 925 316 987 cothurnum.lloc
328 944 403 1005 opus
413 928 470 987 MS.
478 929 508 986 in
519 926 700 987 Bibliotheca
708 927 784 986 San·
832 921 976 999 punh'nus
990 924 1028 983 ab
1041 924 1128 985 hnno
1146 929 1223 988 4249
1242 928 1277 988 44
1297 932 1369 991 4254
1392 950 1452 1008 quo
1468 932 1558 1012 depo-

61 1023 254 1097 germanensi
264 1022 378 1080 evolvit
387 1022 518 1097 cangius
528 1026 639 1081 ettam.
651 1021 691 1080 444
703 1018 784 1079 Ana·
835 1018 912 1076 situs
935 1018 989 1077 luit
1011 1018 1047 1078 ab
1068 1022 1191 1098 Hugonc
1208 1022 1376 1100 cardinali,
1393 1024 1491 1103 legato
1507 1027 1557 1087 444-

60 1111 210 1172 lectorum
239 1130 305 1190 pag.
329 1115 396 1174 354.
419 1113 577 1189 (editionis
598 1129 693 1172 novae
714 1123 780 1191 pag.
835 1111 963 1167 nocentii
986 1111 1033 1171 lv.
1054 1112 1124 1171 vide
1146 1114 1298 1173 Serarium
1319 1132 1385 1193 pag.
1408 1118 1477 1177 650.
1491 1137 1555 1198 seq.

59 1206 129 1279 55.)
151 1206 355 1282 mabillonius,
378 1209 429 1285 qui
450 1206 537 1266 ambo
558 1205 666 1266 docent
687 1206 781 1265 tuisse
833 1202 965 1262 44444444
976 1209 1081 1263 auctor
1095 1203 1239 1267 chronici
1249 1208 1415 1286 blopuntini
1426 1215 1554 1289 4444444,
1597 1220 1600 1225 “

58 1296 206 1357 Abbatem
224 1300 393 1358 Monasterii
421 1298 450 1358 S.
478 1300 557 1358 Petri
574 1299 777 1360 carnotensis.
831 1294 911 1372 quod
925 1294 962 1355 44
981 1296 1187 1359 CONRhDUhl
1206 1302 1340 1362 referunt
1356 1305 1404 1363 alii
1423 1306 1553 1366 incertae

58 1390 777 1470 CertealbognntinisArchiepiscapisillaaetate,
831 1387 913 1448 sedis
928 1389 1129 1467 Episcopum,
1148 1394 1178 1450 in
1195 1410 1254 1471 quo
1269 1401 1299 1454 et
1314 1394 1441 1455 historio
1455 1415 1553 1458 emau-

57 1488 108 1561 qui
128 1485 289 1545 Christiani
307 1488 427 1545 nomine
442 1485 597 1545 hbbatiam
620 1500 776 1561 nunquam
830 1483 1140 1544 ctorationisHenriei
1151 1486 1175 1544 l.
1197 1485 1418 1568 hrehiepiseopi
1432 1492 1554 1566 Magan-

58 1593 202 1655 gessere,
225 1577 471 1657 distinguendum
493 1595 583 1652 esse,
604 1584 686 1638 44444
707 1594 777 1636 4444-
830 1578 884 1634 tini
899 1577 936 1637 ad
951 1577 1038 1638 Anno
1054 1580 1131 1640 4442
1148 1578 1184 1639 44
1204 1581 1281 1642 4453
1301 1583 1378 1658 (non
1393 1565 1552 1647 4444444444

57 1669 156 1729 tendit
182 1670 318 1731 Oudinus
335 1677 416 1730 tomo
440 1673 465 1731 44
491 1689 556 1749 pag.
584 1673 672 1732 4595.
689 1687 773 1748 seqq.
831 1675 866 1729 ut
883 1676 930 1729 est
947 1671 1024 1749 apud
1040 1673 1239 1750 bruschium)
1256 1681 1288 1733 44
1303 1673 1432 1736 Arnolcli
1442 1678 1479 1737 ab
1494 1678 1550 1741 An.

56 1764 140 1824 Duos
157 1767 277 1824 nomine
294 1772 324 1823 et
341 1783 372 1823 44
388 1783 424 1824 ex
436 1765 577 1824 Bernardi
593 1765 715 1841 collegio
729 1781 778 1824 co-
833 1764 910 1823 4453
925 1764 1110 1842 aliorumque
1121 1765 1419 1847 Archiepiscoporum
1429 1774 1552 1851 Magan-

55 1863 175 1935 nptatos
192 1858 439 1918 CHRISTIANOS
457 1861 486 1917 in
503 1859 641 1919 Hibernia
655 1860 764 1937 Episco
831 1857 970 1916 tinorum.
999 1859 1073 1917 Nam
1099 1876 1168 1919 eum
1196 1868 1301 1920 auctor
1324 1879 1433 1922 nomen
1459 1881 1550 1926 suum

55 1966 111 2029 pos
139 1950 241 2011 laudat
261 1950 413 2011 4444444444
434 1954 498 2012 sive
519 1951 671 2012 Ernaldus
691 1954 720 2010 in
744 1952 773 2013 S.
830 1949 891 2008 sola
911 1949 1022 2009 litttera
1051 1951 1084 2010 c.
1106 1951 1288 2029 prodiderit,
1316 1961 1347 2014 44
1374 1965 1551 2032 argumenta

57 2043 200 2102 Bernardi
218 2047 280 2103 vita
296 2046 376 2105 4442.
393 2046 409 2122 ἓ
429 2046 476 2103 49.
830 2041 915 2120 plura
933 2044 1062 2103 militent
1083 2061 1134 2122 pro
1157 2045 1211 2105 444
1232 2046 1419 2122 christiano,
1438 2049 1477 2109 illi
1495 2067 1552 2128 po-

96 2136 114 2169 *
129 2135 322 2198 christianus
344 2137 443 2198 hbbas
467 2139 635 2199 Monasterii
650 2139 679 2198 S.
697 2139 775 2198 Petri
831 2137 892 2194 tius
918 2153 1009 2212 quam
1031 2139 1131 2197 nescio
1152 2139 1201 2198 cui
1222 2139 1358 2201 conrado
1379 2139 1552 2201 adscriben-

55 2230 260 2292 Carnotensis
279 2220 412 2309 Scripsit
425 2234 582 2293 Sermones
609 2232 754 2310 quosdam
769 2277 776 2306 ,
831 2227 903 2287 44444
913 2227 1094 2304 judicarunt.
1108 2232 1181 2292 Vide
1197 2249 1262 2310 pag.
1278 2232 1343 2292 607.
1357 2249 1420 2311 seq.
1432 2240 1463 2293 et
1476 2241 1549 2296 tom.

56 2340 135 2400 quos
152 2326 182 2383 in
199 2326 257 2384 MS.
279 2325 349 2385 cod.
368 2325 526 2403 selegisse
548 2330 655 2385 asserit
671 2327 700 2383 P.
719 2327 778 2385 444-
831 2323 866 2382 44.
886 2322 996 2382 4444444
1021 2324 1166 2384 iohannis
1193 2342 1237 2403 pa.
1262 2327 1391 2387 404-430
1417 2329 1466 2388 ubi
1494 2328 1550 2389 hoc

52 2417 145 2478 billon
168 2419 233 2477 Vet.
262 2418 395 2478 4444444.
426 2435 490 2496 pag.
518 2420 565 2478 55.
588 2434 684 2478 novae
705 2416 775 2477 4444.
830 2414 995 2476 chronicon
1013 2424 1080 2494 post
1094 2418 1254 2478 editionem
1272 2420 1474 2480 Basileensem
1492 2421 1552 2482 444.

52 2512 175 2572 Vixisse
192 2513 281 2572 credo
299 2529 376 2572 saec.
393 2514 458 2572 Xll.
665 2584 668 2588 .
833 2506 910 2568 4537
930 2514 962 2565 44
984 2511 1181 2571 Urstisianam
1203 2509 1290 2570 444444
1311 2512 1410 2585 4585,
1428 2519 1499 2573 tom.
1518 2515 1549 2586 1,

95 2607 349 2666 CHRISTlANUS
376 2624 392 2665 e
420 2605 585 2666 comitibus
610 2605 653 2664 de·
674 2603 777 2664 Buche
831 2618 895 2678 pag.
909 2602 976 2661 567.
988 2602 1167 2681 Georgiique
1177 2603 1551 2678 llelwiehii,Franeoiurti

52 2701 227 2778 Thuringus
241 2701 430 2777 GermanuS,
449 2699 588 2759 Friderici
606 2700 627 2758 4.
646 2701 777 2776 impera·
830 2695 907 2755 46344
923 2697 1074 2774 integrum
1095 2712 1164 2756 cum
1183 2699 1261 2755 natis
1278 2698 1436 2756 clarissimi
1458 2697 1553 2758 edito-

52 2797 130 2855 toris
151 2793 459 2854 Archi-Cancellarius
479 2799 511 2854 et
531 2793 568 2853 ab
588 2793 676 2853 4444
698 2792 775 2852 4454
830 2789 871 2847 ris
888 2787 1054 2848 exhibetur.
1071 2790 1264 2866 Persequitur
1278 2796 1379 2850 autem
1395 2791 1552 2852 historiam

52 2887 275 2966 primushujus
293 2886 775 2964 nominishrchi-Episcopusbio-
829 2882 982 2941 Ecclesiae
1010 2884 1200 2959 Moguntinae
1227 2882 1263 2941 ab
1291 2881 1378 2942 4444
1407 2885 1486 2945 4440
1513 2883 1552 2943 44

48 2981 215 3062 94444444,
237 2984 288 3059 qui
309 2987 388 3040 teste
407 2980 528 3040 4444444
547 2980 686 3040 Stadensi
707 2995 772 3056 pag.
831 2975 917 3034 4254.
930 2977 1107 3051 Dicavitque
1125 2981 1230 3034 auctor
1246 2975 1300 3034 hoc
1315 2977 1484 3035 chronicon
1502 2977 1553 3034 Ve-

51 3079 114 3140 292
131 3095 207 3138 usus
228 3075 351 3154 perinde
373 3082 407 3134 44
428 3083 581 3147 materne,
601 3072 703 3152 lingua
719 3074 776 3133 Lo·
829 3064 961 3125 nerabili
970 3067 1059 3125 Patri
1071 3066 1250 3126 Theoderico
1266 3064 1379 3126 Abbati
1391 3066 1551 3126 etPrntri-

52 3173 136 3240 tina,
152 3174 304 3244 honam,
322 3167 456 3244 Gallica,
476 3167 610 3242 Graeca,
626 3165 772 3245 Apuliea,
830 3159 886 3221 bus
905 3161 937 3222 C.
953 3159 1101 3220 Ludouico
1118 3160 1238 3232 Priori,
1258 3159 1389 3217 iohanni
1401 3165 1430 3218 et
1441 3159 1550 3220 liudol-

53 3263 272 3338 Lombardica,
294 3261 487 3325 Probantica.
508 3261 551 3320 De
573 3278 608 3319 44
624 3259 775 3319 videndus
827 3254 887 3332 pho
901 3250 1133 3329 Sacerdotibus,
1153 3252 1185 3312 C.
1204 3250 1366 3330 Presbyter
1380 3251 1553 3334 Episcopoli

51 3362 194 3424 Nicolaus
216 3360 352 3419 Serarius
373 3357 446 3416 libro
464 3357 609 3416 Vrerum
631 3355 776 3431 Maganti—
830 3346 945 3405 nomine
963 3344 1121 3423 indignus,
1136 3344 1251 3423 gaudia
1272 3343 1371 3404 electis
1392 3345 1465 3404 DEI
1483 3350 1552 3406 ante

53 3471 184 3528 narum,
203 3457 233 3512 et
250 3468 326 3528 quae
348 3448 383 3509 ad
407 3466 476 3509 eum
501 3449 615 3506 notavit
631 3445 776 3525 Georgius
831 3439 936 3501 444444
951 3437 1081 3499 encardia
1093 3442 1292 3518 praeparata.

54 3549 231 3611 Chistianus
246 3543 390 3603 iohannis
405 3548 486 3600 tomo
500 3542 511 3599 4
526 3584 532 3613 ,
548 3556 613 3617 pag.
629 3536 696 3599 569.
713 3556 776 3616 seq.
869 3532 885 3569 '⁵
907 3536 1028 3593 Praeter
1048 3532 1215 3595 chronicon
1238 3530 1276 3590 de
1297 3547 1356 3608 quo
1377 3531 1425 3591 444
1451 3533 1553 3593 444444-

54 3643 131 3704 44444
146 3639 316 3699 christiano
331 3634 515 3695 Trithemius
530 3650 594 3710 cap.
611 3633 668 3692 499
682 3639 713 3693 44
727 3631 778 3693 hl·
831 3626 916 3700 cius,
939 3627 1059 3702 scripsit
1074 3625 1203 3686 alterum
1220 3629 1385 3685 tractatum
1402 3624 1438 3684 44
1456 3623 1554 3687 4444-

54 3739 162 3797 bertus
179 3733 340 3793 Krantzias
359 3733 387 3787 444
406 3728 562 3806 metropoli
583 3727 631 3786 lib.
654 3728 690 3801 b,
712 3743 777 3806 cap.
833 3725 894 3777 tem
918 3716 1157 3794 Eboracensem,
1172 3717 1208 3777 de
1228 3716 1406 3796 depositione
1427 3717 1555 3807 44444444

55 3832 111 3892 ult.
135 3827 271 3887 tribuunt
296 3828 382 3900 posto
408 3827 437 3880 et
460 3820 553 3879 vitam
582 3819 779 3897 Imperatoris
831 3815 850 3874 l
854 3815 876 3874 V
890 3812 1105 3892 Imperatoris,·
1121 3812 1213 3871 verba
1235 3817 1307 3872 sunt
1328 3814 1371 3870 Jo.
1391 3813 1504 3870 Latomi
1523 3814 1553 3871 in

55 3920 210 3984 Friderici
226 3920 249 3978 l.
268 3936 322 3977 aee
345 3934 403 3976 non
427 3913 576 3993 Epictetus
595 3913 731 3972 diversas
748 3919 779 3972 et
832 3907 926 3969 Catal.
948 3906 1118 3983 Episcopus.
1140 3907 1303 3982 Mogontia.
1322 3905 1471 3964 Menssen.
1486 3905 1554 3963 her.

57 4015 216 4078 Oratiorees
233 4015 431 4092 praestantes.
447 4011 488 4068 De
506 4005 646 4086 Epistolis
661 4006 703 4066 od
718 4004 782 4066 llil-
835 4000 1053 4060 German-tom.
1073 3998 1128 4056 Xll
1146 4014 1211 4075 pag.
1229 3998 1298 4057 549.

60 4107 221 4189 deperdim
239 4106 306 4164 vide
322 4105 472 4163 Serarium
490 4119 555 4180 pag.
572 4100 638 4163 572.
657 4118 719 4177 seq.
732 4101 785 4160 Sa·
875 4090 1128 4154 cflhlssranus
1149 4087 1185 4148 de
1208 4087 1327 4166 Opiter,
1344 4085 1554 4163 TrajectinuS,

61 4211 102 4266 tis
117 4210 219 4265 autem
235 4205 352 4259 certum
368 4213 434 4256 esse
450 4195 539 4256 44444
551 4239 557 4271 ,
571 4196 662 4256 alium
674 4239 680 4268 ,
692 4211 783 4272 quam
837 4185 957 4245 Ordinis
978 4183 1216 4244 Praedicatorum
1239 4184 1317 4240 circa
1338 4181 1460 4261 Annum
1480 4182 1551 4240 4454

57 4302 141 4360 hunc
159 4296 363 4356 Christianum
382 4306 450 4350 esse
467 4295 620 4349 auctorem
639 4287 782 4348 historiae
837 4282 957 4359 scripsit
977 4275 1165 4339 summulam
1193 4274 1228 4334 ale
1254 4292 1305 4348 eo,
1327 4273 1407 4353 quod
1428 4278 1557 4352 tempore

57 4392 94 4453 de
113 4387 300 4471 empeditione
314 4383 467 4445 Friderici
481 4383 502 4441 l.
517 4381 671 4455 44444444,
689 4398 780 4459 quam
836 4369 1042 4433 Ecclesiastici
1064 4367 1213 4428 interdicti
1228 4365 1407 4449 prohibetur
1424 4364 1472 4427 oet
1491 4382 1559 4425 con·

58 4486 154 4548 edidit
182 4484 327 4542 henricus
349 4482 487 4540 Canisius
508 4483 588 4536 tomo
605 4478 629 4536 V
646 4478 783 4553 antiqua·
836 4467 960 4528 ceditur·
977 4464 1202 4543 EJPOSl'll'Oltssm
1219 4460 1474 4522 caerimoniarum
1488 4459 1559 4520 ‘mli‘

59 4597 129 4641 sum
145 4578 308 4636 lectionum
322 4591 387 4651 pag.
402 4574 438 4631 44
452 4571 608 4645 (editionis
623 4587 717 4629 novae
730 4573 783 4629 Ba·
837 4579 889 4622 sae
905 4559 1093 4640 spiritualem
1111 4565 1140 4618 et
1154 4556 1319 4636 mysticam.
1335 4556 1509 4613 Tractatum
1523 4552 1560 4612 de

61 4675 224 4747 snagianao
240 4675 310 4727 44444.
328 4669 366 4726 444
379 4712 384 4741 ,
397 4672 480 4745 parte
493 4666 526 4739 2,
540 4681 605 4742 pag.
622 4664 697 4734 l99)
714 4679 793 4742 nam·
838 4654 967 4715 natatorio
983 4652 1202 4712 Eucharistiae.
1220 4651 1344 4726 incipit:
1358 4646 1560 4707 4444444444-

62 4774 92 4830 444
113 4746 162 4827 iila
177 4771 277 4823 444444
289 4762 425 4821 4444444444
444 4760 640 4820 barbarossae
658 4756 691 4817 Α.
707 4757 783 4818 4490
840 4749 1003 4810 choristiae
1019 4752 1061 4808 est
1073 4745 1162 4826 parus
1180 4743 1214 4803 de
1228 4760 1307 4822 patro
1324 4740 1420 4800 tritico
1428 4747 1491 4831 etc.
1509 4740 1562 4801 tlt-

63 4868 93 4924 in
113 4863 230 4942 gurgite
243 4858 372 4917 demersi
387 4855 568 4933 deploratio,
586 4870 662 4929 quae
680 4853 716 4911 ab
732 4853 787 4911 hr-
842 4843 981 4906 raculnm
1004 4840 1147 4901 cuidonis
1168 4838 1203 4897 de
1226 4840 1322 4900 Corvo
1343 4834 1400 4895 44.
1424 4835 1513 4898 itm.
1531 4834 1562 4893 in

63 4958 276 5033 chiepiscopo,
299 4951 349 5026 qui
372 4948 457 5007 Anno
481 4948 557 5009 4483
577 4945 638 5025 jam
656 4947 788 5023 obierat,
847 4940 974 5002 civitate
991 4935 1154 5009 ellestensi,
1176 4951 1254 5012 quoe
1275 4927 1471 5010 anorrajam
1490 4927 1563 4987 dici·

60 5049 219 5132 proficisci
236 5064 295 5108 non
312 5037 436 5123 potuit(
838 5043 888 5096 tur
905 5037 934 5094 et
951 5031 1024 5094 XXX
1045 5028 1138 5092 leucis
1161 5026 1257 5089 distat
1272 5046 1294 5086 4
1315 5023 1410 5086 curia
1427 5024 1586 5080 hamana.
