3464 5318
180 340 241 402 su
448 293 449 296 Ὺ
855 336 1014 401 anna

178 462 307 516 numeru
335 466 400 529 pag.
427 449 493 510 494.
520 434 798 508 444444444444
826 446 899 507 4444-
949 444 1095 506 tndovtct
1120 444 1312 524 imperatoris
1325 449 1359 503 et
1380 441 1531 504 cditnma
1559 443 1678 505 Baluzic

165 540 321 615 4444444444,
337 558 396 599 non
418 539 523 600 44644.
545 537 634 600 Aliud
654 539 896 617 hlartyrologium
950 540 982 599 in
999 538 1102 598 limine
1117 544 1191 598 tom.
1209 539 1231 598 l.
1248 536 1410 599 lliseollau.
1425 543 1458 595 et
1474 537 1676 616 helpericum,

177 629 269 691 brcve
281 631 382 693 itidem
393 632 532 692 versibus
542 631 897 692 hexametrissublledae
951 633 1002 709 qui
1021 632 1050 689 in
1067 631 1188 709 prologo
1200 631 1266 691 libii
1282 629 1321 690 64
1337 636 1499 708 computo,
1515 646 1612 708 quem
1622 630 1677 691 4444.

178 726 298 786 nomine
311 725 467 801 vulgatum
483 725 675 798 aDacherio,
693 724 814 803 incipit:
832 724 898 783 444-
950 724 1008 784 936
1025 725 1211 802 composuit,
1228 725 1319 784 etiam
1336 722 1447 784 hedam
1465 723 1580 784 laudat.

176 833 249 876 seua
262 834 395 878 mensum
406 816 551 897 vertigiue
565 815 697 877 44444444
710 831 808 875 annau
815 823 896 875 tomo
990 817 1033 876 De
1046 815 1200 877 duodecim
1210 815 1303 895 449444
1315 859 1322 890 ,
1335 814 1372 875 de
1381 813 1535 877 4444446444
1545 820 1606 876 444.
1616 830 1679 877 car-

175 912 204 970 X
222 913 363 989 spicilegii
376 929 441 991 pag.
460 913 518 974 446
532 919 564 972 44
576 918 657 972 tomo
674 911 699 970 44
713 909 785 969 4644.
802 924 897 968 novae
951 911 1050 970 mina:
1069 915 1099 969 44
1115 910 1302 971 4448644444
1318 908 1358 968 64
1378 906 1597 975 astronomia.
1613 924 1671 987 pag

177 1004 205 1060 iu
222 1003 288 1062 lolio
305 1021 370 1082 pag.
392 1006 440 1065 43.
952 1003 1019 1064 434.
1031 1001 1222 1062 4444444444
1235 1003 1369 1062 carmina
1379 1017 1448 1079 pag.
1459 1001 1519 1061 4344
1536 1007 1570 1061 44
1579 1001 1680 1062 ambo

215 1096 258 1154 444
274 1094 515 1157 embolismorum
529 1095 646 1156 raticac
663 1099 819 1173 computus
831 1109 896 1172 pag.
952 1095 1109 1155 lismcrnm
1120 1097 1208 1168 ratic,
1220 1097 1352 1173 prosario
1364 1110 1521 1170 sermone,
1532 1111 1601 1173 pag.
1613 1096 1678 1155 aaa.

175 1190 235 1251 445
251 1207 321 1250 cum
347 1190 533 1250 tetrastichis
557 1190 685 1267 singulis
708 1188 746 1249 ad
764 1188 899 1267 singulos
951 1188 1066 1249 Versus
1097 1187 1134 1247 de
1162 1187 1240 1248 Urbe
1268 1190 1361 1248 homa
1384 1194 1416 1248 ct·
1442 1189 1678 1248 Treverensium

175 1298 307 1341 meuses.
322 1284 421 1343 Etiam
437 1283 518 1343 hunc
536 1285 717 1362 computum
735 1280 832 1341 Bedae
848 1280 900 1340 ab
952 1296 1018 1359 pag.
1040 1279 1106 1340 449.

172 1371 369 1449 judicandum
397 1383 428 1435 et
450 1375 652 1437 llhllULPllO
677 1387 716 1433 nu
738 1371 898 1448 44444444,
1209 1389 1234 1448 a·
1251 1389 1277 1450 0
1293 1389 1322 1449 Μ
1338 1386 1363 1446 0
1383 1387 1419 1446 11,

174 1465 271 1542 Angla
280 1467 511 1529 adscribendum
522 1466 897 1544 osseondinnsdtsputaa.

215 1558 442 1621 Decemuovales
473 1559 591 1623 0444444
615 1560 748 1636 Dionysii
774 1560 898 1619 Romani
992 1561 1035 1621 444
1051 1577 1156 1621 rerum
1172 1565 1285 1629 uatura
1303 1559 1397 1636 liber,
1411 1577 1483 1621 eum
1510 1560 1623 1639 glossis
1636 1562 1678 1620 in-

176 1652 304 1730 4444444,
318 1654 351 1713 B.
364 1654 467 1731 cyrilli
483 1661 514 1714 et
528 1653 626 1715 bedae
641 1651 790 1714 lxxxiv
801 1669 898 1729 usquc
952 1655 1026 1712 certi
1054 1656 1203 1728 auctoris,
1225 1653 1381 1714 Brideierti
1405 1654 1633 1728 llamesiensis,
1650 1660 1679 1712 et

176 1743 214 1813 ad
231 1744 354 1806 Annum
378 1749 456 1808 4595
472 1764 542 1807 crim
569 1747 751 1825 praefatione
768 1748 776 1822 4
786 1744 899 1806 huno
952 1745 1075 1804 loannis
1101 1747 1273 1823 h'oviomagi
1291 1763 1356 1824 pag.
1373 1748 1400 1808 4.
1427 1747 1515 1807 llunc
1532 1750 1567 1804 ct
1582 1746 1677 1824 praxi-

175 1838 237 1898 448
253 1838 466 1913 Floriaccnsisl
483 1856 549 1918 pag.
564 1838 632 1900 457.
954 1853 1037 1896 mum
1053 1838 1160 1898 librum
1176 1839 1273 1899 Bedae
1289 1856 1359 1899 esse
1372 1841 1495 1917 negavit
1506 1837 1677 1916 Stephanus

215 1932 258 1989 De
274 1929 362 2012 Cyclo
376 1932 519 1993 Pascbali
534 1950 599 2012 pag.
618 1933 687 1993 366.
952 1929 1059 2003 Vltus,
1077 1931 1129 1991 sed
1148 1933 1254 1992 meritc
1277 1933 1445 2010 refragante
1469 1933 1594 1992 Petavio
1614 1948 1676 2011 pag.

217 2022 351 2086 Cauoues
364 2025 651 2087 decenovcnnalium
665 2024 853 2088 (liaculorum
869 2041 899 2102 p.
956 2016 1015 2084 467
1032 2024 1126 2101 Epist.

178 2116 246 2177 344.
994 2116 1037 2175 444
1051 2121 1215 2196 temporum
1228 2115 1345 2177 4444444
1356 2133 1444 2193 ,cum
1461 2115 1601 2195 ejusdem
1616 2118 1677 2178 444-

216 2211 259 2269 44
275 2209 381 2271 44444464
393 2209 526 2274 coelestis
534 2208 746 2289 terrestrisque
761 2207 901 2276 comata
953 2206 1060 2267 6444444
1076 2216 1107 2267 44
1124 2210 1293 2287 Noviomagi
1312 2209 1433 2270 scholiis
1447 2227 1514 2289 pag.
1538 2211 1587 2271 43.
1602 2211 1676 2271 Cum

175 2301 251 2363 lione
267 2321 333 2382 pag.
350 2306 418 2365 343.
953 2301 1061 2363 Codice
1091 2302 1162 2362 4444.
1194 2302 1383 2364 Cathedralis
1413 2304 1676 2383 wirceburgensis

213 2396 331 2457 Musica
360 2396 500 2457 Tbeorieo
522 2415 587 2476 pag.
614 2398 672 2458 344
688 2403 719 2457 et
739 2393 897 2469 Proetiae,
953 2395 1094 2455 collatum
1112 2395 1193 2456 hunc
1210 2396 1320 2457 librum
1346 2396 1416 2457 vide
1436 2398 1466 2456 in
1488 2398 1533 2457 lo.
1561 2397 1676 2475 Georgii

176 2492 234 2566 (ita
253 2490 308 2567 leg.
326 2507 379 2568 pro
394 2492 512 2566 Quarta
522 2492 550 2565 ,4
567 2506 622 2550 seu
638 2492 814 2549 mensurata
831 2504 897 2564 pag.
952 2487 1072 2549 Eclrarti
1100 2490 1330 2564 Commentariis
1354 2488 1391 2549 de
1419 2490 1513 2550 rebus
1537 2490 1676 2551 Franciao

175 2586 228 2644 35l
245 2581 371 2660 junioris
389 2600 457 2644 csso
471 2585 625 2662 scriptoris
638 2580 793 2642 contendit
806 2578 899 2640 Oudi-
952 2580 1153 2641 Orientalisct
1161 2581 1361 2660 Episcopatus
1369 2582 1558 2660 Wimcburg.
1570 2589 1641 2643 tom.
1653 2583 1674 2655 4,

176 2693 254 2753 nus,
271 2695 362 2754 quem
376 2677 445 2737 vide
459 2683 539 2736 tomo
557 2678 588 2751 l,
607 2692 671 2755 pag.
692 2676 778 2737 46844.
950 2690 1017 2752 pag.
1036 2674 1104 2735 846.

215 2770 258 2829 444
273 2767 395 2830 circulis
410 2766 558 2848 sphaerae
570 2773 600 2829 el
609 2766 679 2848 polo
692 2785 756 2846 pag.
776 2768 843 2828 365.
989 2767 1031 2826 De
1047 2782 1107 2828 sca
1122 2767 1273 2828 aetatibus
1286 2765 1410 2843 Mundi,
1429 2769 1495 2829 sive
1510 2766 1675 2830 Cbrcaicm

213 2863 256 2921 444
262 2861 496 2940 plaraetarumet
506 2863 660 2940 sopitorum
670 2859 787 2920 ratione
796 2876 824 2937 p.
835 2857 893 2917 369
948 2876 1084 2921 arerum
1108 2864 1220 2940 origine
1244 2861 1394 2939 usquead
1424 2877 1545 2922 nonum
1564 2878 1673 2924 annum

174 2973 218 3015 44
234 2961 327 3027 onerate
342 2953 567 3031 Hebraeorum,
583 2953 822 3028 Chaldaeorum,
839 2949 895 3011 74-
949 2954 1056 3013 Leonis
1084 2956 1176 3016 444444
1192 2999 1199 3029 ,
1215 2954 1317 3016 Mundi
1339 2952 1426 3014 4686.
1445 2954 1673 3031 (caristiam)

171 3048 343 3128 ppptiorum
359 3067 424 3129 pag.
443 3051 510 3112 374.
946 3061 1012 3124 pag.
1031 3047 1098 3108 463.
1124 3047 1282 3127 appendix
1302 3047 1465 3108 ediversis
1480 3048 1671 3121 auctoribus,

212 3143 359 3203 llcnsium
378 3148 465 3202 notae
482 3160 547 3222 pag.
566 3141 632 3201 377.
948 3140 1065 3215 quaein
1084 3142 1245 3202 basileensi
1260 3142 1390 3202 editione
1401 3139 1538 3218 subiecta
1554 3143 1675 3221 legitur,

159 3294 165 3309 ,
213 3231 342 3295 Libellus
365 3234 402 3297 de
426 3234 565 3296 tonitruis
589 3234 628 3295 ad
661 3231 892 3302 llereniridum,
948 3232 1151 3294 aColonicnsi
1162 3236 1255 3296 abest.
1272 3233 1424 3295 Prodierat
1439 3233 1676 3296 hocChmuieon

172 3344 263 3404 quem
276 3336 390 3406 patrem
408 3331 591 3389 Veneratum
601 3327 744 3406 appellat,
757 3342 822 3402 pag.
835 3320 894 3381 387
948 3328 1067 3387 Parisiis
1081 3328 1159 3407 apud
1176 3331 1323 3389 loannem
1344 3329 1482 3389 Potitum
1502 3327 1599 3403 4367,
1617 3329 1635 3388 4
1649 3332 1677 3386 44

172 3422 383 3481 translatusex
393 3422 515 3496 linaceo,
528 3422 654 3481 tortasse
664 3417 728 3477 lob.
740 3413 898 3478 4444444444
949 3434 1018 3478 eum
1030 3420 1151 3480 scholiis
1159 3422 1282 3481 loannis
1296 3420 1502 3482 Brouchorstii
1518 3465 1525 3495 ‚
1541 3420 1677 3482 Coloniae

174 3511 439 3592 Philadelpbieusis
450 3513 590 3593 Lydi,de
600 3530 659 3590 quo
673 3514 703 3571 in
714 3509 896 3572 Bibliotheca
953 3510 1675 3592 lbtllConlcrendumquoqucGlironicoohrevc

173 3603 285 3664 Graeca
304 3605 353 3665 lib.
372 3607 412 3665 444
429 3621 493 3684 cap.
508 3607 546 3668 46
564 3622 629 3683 pag.
645 3607 678 3666 lit
686 3606 713 3664 3.
950 3602 1048 3665 44644
1059 3650 1066 3681 ,
1078 3605 1156 3683 quod
1167 3609 1376 3668 continuatum
1394 3622 1493 3685 usque
1507 3607 1545 3669 ad
1559 3607 1677 3671 Annum

214 3697 389 3757 Prouostica
406 3702 570 3777 temporum
587 3714 652 3775 pag.
671 3698 738 3768 396,
951 3698 1009 3758 846
1029 3715 1067 3757 ex
1084 3699 1143 3759 448.
1162 3699 1270 3761 Codice
1286 3700 1380 3760 edidit
1394 3690 1592 3762 Andreas'dn
1606 3701 1679 3763 Che-

215 3791 358 3850 Mensura
371 3791 526 3871 Horolopii
536 3809 602 3870 pag.
614 3791 672 3852 394
687 3789 736 3851 ubi
747 3794 778 3849 44
789 3784 896 3847 64644-
951 3794 1678 3873 suetumlllscriptoruml‘rancorpaglffidtl.

176 3879 232 3942 bus
245 3883 431 3965 AEppptiacis
447 3901 512 3964 pag.
528 3886 595 3946 394.
994 3882 1083 3945 Liber
1092 3885 1128 3946 de
1140 3885 1320 3968 temporibus
1330 3886 1603 3965 adintelligendam
1613 3903 1680 3965 sup

213 3974 343 4038 Libellus
353 3978 389 4038 64
399 3975 569 4038 4444444644
579 3995 645 4056 pag.
664 3977 730 4038 394.
954 3976 1138 4059 putationem
1152 3987 1320 4058 temporum
1333 3981 1414 4041 Sacr.
1430 3981 1607 4060 scripturae
1618 3998 1679 4060 pag.

214 4073 257 4132 444
270 4071 427 4133 nativitate
439 4069 596 4152 tasnatum
605 4089 671 4151 pag.
687 4069 754 4131 397.
954 4077 1011 4136 448
1028 4091 1097 4134 cum
1115 4074 1236 4134 scholiis
1249 4075 1293 4133 lo.
1311 4075 1492 4151 Noviomagi.
1516 4076 1680 4153 Fragmen-

214 4167 257 4226 Dc
269 4166 430 4226 minutione
440 4164 598 4245 sarrpuiru's
608 4182 674 4244 pag.
694 4164 761 4223 398.
952 4174 1018 4228 tum
1031 4184 1068 4226 cx
1080 4166 1147 4226 Seb.
1160 4169 1303 4226 llunsteri
1317 4167 1365 4226 lib.
1381 4166 1409 4226 4.
1424 4166 1678 4246 Cosmcgraphiae

216 4258 259 4318 De
275 4263 384 4338 septem
399 4258 506 4320 444464
517 4253 674 4318 miraculis
684 4272 750 4332 pag.
770 4252 836 4312 406.
953 4258 1022 4319 vide
1048 4257 1128 4337 apud
1155 4259 1356 4321 Columesium
1383 4261 1412 4319 in
1446 4260 1676 4339 paralipomenis

216 4352 368 4430 Deauao,
384 4352 421 4413 64
437 4352 553 4413 ratione
569 4356 753 4427 temporum,
771 4343 806 4404 de
823 4341 897 4402 cele-
955 4352 993 4412 de
1010 4353 1040 4411 s,
1058 4353 1092 4412 Ε,
1112 4368 1178 4431 pag.
1196 4352 1265 4414 444),
1469 4336 1476 4353 “
1554 4364 1560 4375 ’

179 4438 287 4506 4444444
304 4452 484 4529 temporum,
500 4444 535 4505 64
551 4442 649 4504 variis
667 4437 799 4521 compuli
811 4454 900 4516 repu·
993 4443 1177 4521 Seuteutiae,
1195 4447 1260 4505 sive
1287 4443 1447 4504 4444444444
1471 4442 1677 4526 Philosophiae

180 4532 234 4611 lis,
247 4539 386 4601 Carmina
400 4540 539 4600 versibus
553 4536 736 4596 hexametris
750 4549 815 4612 pag.
832 4532 897 4593 464.
953 4555 991 4599 ex
1003 4538 1163 4599 Aristotele
1174 4583 1181 4615 ,
1192 4556 1258 4618 pag,
1277 4540 1344 4599 444.
1357 4536 1469 4599 Ordine
1483 4536 1679 4618 alphabetico.

218 4629 428 4711 Dionysiusele
452 4629 559 4703 anuis,
577 4629 735 4690 trochaicis
758 4625 898 4686 versibus
954 4633 1120 4710 separatim
1141 4635 1261 4710 saepius
1281 4630 1361 4691 edita
1380 4637 1415 4692 ut
1436 4630 1531 4692 hond.
1560 4634 1639 4696 4594
1652 4633 1678 4692 8.

179 4735 245 4798 pag.
264 4724 331 4785 443.
954 4724 1126 4803 logolstadii
1144 4726 1220 4785 4493
1238 4725 1392 4785 8Parisiis
1410 4725 1489 4788 4664
1506 4724 1563 4784 83⁰

199 4810 348 4878 ,Libellus
365 4820 399 4881 64
412 4821 529 4882 ratione
541 4815 672 4896 computi
683 4832 735 4896 per
751 4815 900 4894 quaestio·
995 4818 1161 4878 Sententiae
1176 4816 1207 4877 iu
1222 4816 1374 4880 Ciceronis
1390 4818 1475 4896 libris
1490 4819 1531 4879 444
1549 4817 1589 4879 de
1609 4818 1679 4879 0444-

179 4918 235 4961 nes
249 4911 280 4964 et
291 4916 500 4988 responsiones
512 4930 578 4993 pag.
590 4912 657 4973 448.
672 4898 898 4972 Conicrllabani
953 4913 1027 4987 ciis,
1044 4927 1109 4988 pag.
1130 4911 1185 4970 466
1199 4911 1236 4971 de
1253 4910 1404 4985 Amicitia,
1422 4927 1489 4991 pag.
1504 4911 1564 4974 473
1576 4912 1614 4974 64
1628 4912 1677 4973 Se·

179 4995 289 5060 librum
302 5000 488 5087 deeomputo
501 5050 507 5085 ,
519 5008 664 5087 scriptum
676 5001 899 5081 hunoseptimo
954 5008 1088 5079 nectale,
1105 5019 1170 5084 pag.
1190 5003 1256 5066 476.
1274 5003 1434 5069 4444644444
1450 5020 1519 5085 pag.
1538 5006 1607 5070 474
1622 5007 1676 5067 Tu·
