3458 5332
196 317 257 381 5545
851 308 1039 370 44141414

196 421 388 488 Sacrobosco.
411 423 515 481 venet.
538 419 616 478 4508
638 418 740 479 400444
760 433 914 478 commen·
966 419 1032 498 giae
1043 425 1181 480 tutamen
1196 427 1228 479 et
1237 419 1367 479 anchora
1375 418 1471 478 Fabro
1480 419 1686 498 oppositapro

197 521 274 581 tario
290 512 548 578 LioelisEsculnni
564 518 596 572 et
610 511 760 572 Francisoi
778 509 913 590 capuani
966 511 1021 572 diit
1038 514 1130 574 Pariis
1148 514 1226 575 4548
1244 513 1275 572 44
1297 513 1325 573 4.

196 612 233 674 04
250 609 461 674 ilaniredonia.
477 608 518 669 Et
533 609 612 668 inter
628 607 715 686 plura
733 607 845 684 scripta
862 621 915 665 va·
1006 608 1264 669 commentarium
1297 607 1329 667 in
1357 604 1578 669 Ecclesiastem
1601 612 1633 666 et
1659 606 1683 666 in

178 709 308 788 ⁸riorum
325 703 544 774 Astronomica,
564 701 700 761 venetiis
718 699 806 773 4531,
827 688 876 758 iol.
966 698 1143 775 Danielem,
1164 703 1215 781 qui
1237 699 1332 762 Fabro
1353 699 1500 763 tribuitur
1515 697 1596 778 apud
1610 698 1682 760 Gnil.

235 798 388 860 Elementa
417 793 591 870 4144444144,
617 797 683 854 sive
700 793 836 866 41444444,
851 790 912 866 141,
968 796 1148 858 Crowaeum
1162 839 1170 868 ,
1186 812 1339 876 nusquam
1356 802 1429 875 pnto
1445 799 1580 854 exstare.

196 896 280 956 libris
297 892 513 954 demonstrata.
530 890 623 950 Paris.
642 889 740 962 4514,
759 889 831 949 1554
849 929 856 958 ,
875 886 902 945 4.
1006 890 1049 949 114
1066 887 1167 950 stadio
1185 889 1270 950 Fabri
1294 889 1332 950 ad
1357 888 1506 950 scientiae
1524 888 1683 948 incremen

235 982 501 1068 Rhytimomaela'a
521 1031 528 1062 ,
553 1000 608 1045 seu
639 981 743 1045 Ludus
767 982 914 1043 Numero
966 991 1033 1044 tum
1050 990 1171 1044 exteras
1188 982 1336 1045 lustrandi
1351 985 1515 1063 regiones,
1531 980 1591 1042 duo
1605 985 1683 1043 44444

193 1099 273 1142 rum.
967 1075 1201 1161 monia,laadato
1213 1077 1683 1138 Bemardoblonetaeobservate

235 1173 441 1255 Alporitbmus
458 1191 513 1236 seu
525 1173 643 1254 pram's
658 1168 849 1232 numerandi.
968 1170 1138 1251 ingratiam
1161 1171 1281 1231 lectoris
1298 1169 1579 1252 adscriberejuvat
1589 1171 1682 1232 11444

232 1268 419 1330 lntroduetio
437 1271 466 1328 in
479 1267 700 1329 arithmeticam
712 1263 848 1326 lordum.
860 1265 914 1324 Pa·
967 1269 1016 1324 est
1039 1264 1251 1344 symphoriani
1277 1265 1461 1345 champierii
1491 1267 1525 1325 in
1556 1264 1681 1345 Epistola

196 1365 247 1423 ris.
270 1363 359 1423 4514.
968 1356 1005 1418 ad
1027 1359 1156 1419 Fabrum
1178 1357 1249 1419 data
1270 1357 1408 1438 Lugduni
1435 1360 1476 1420 24
1506 1358 1577 1439 444).
1603 1358 1681 1419 4444

234 1455 436 1517 Adversarios
452 1455 583 1516 Jacobus
598 1455 694 1515 Faber
710 1451 815 1513 habuit
829 1467 914 1530 prae·
970 1451 1056 1512 1507.
1077 1453 1181 1513 instar
1197 1452 1268 1512 item
1289 1451 1479 1532 Pythagorae
1500 1457 1596 1533 atque
1618 1449 1681 1512 Pla-

195 1558 242 1611 ter
260 1554 286 1626 4)
303 1548 469 1610 Erasmum
487 1550 516 1609 in
542 1565 569 1610 o.
594 1548 667 1609 4441
686 1547 857 1621 llebraeos,
881 1549 913 1604 et
969 1546 1063 1623 taam,
1085 1544 1275 1628 aliorumque
1301 1545 1468 1625 insipaium
1501 1544 1680 1627 Philosopho-

194 1644 339 1722 singulari
357 1644 509 1721 apologia,
527 1646 599 1701 tom.
616 1643 645 1700 9.
659 1641 735 1719 Opp.
751 1639 871 1699 Erasmi
883 1655 912 1716 p.
967 1657 1057 1717 rum,
1075 1646 1201 1701 eatam
1219 1637 1626 1720 incimmemmaum
1640 1637 1678 1698 di

194 1738 329 1798 iscam
347 1753 407 1813 qao
425 1743 527 1795 tamen
544 1750 614 1794 mox
626 1737 656 1794 44
670 1735 795 1813 gratiam
814 1733 840 1807 4)
859 1734 914 1792 ite-
967 1751 1071 1796 versos
1084 1733 1189 1795 adiisti
1198 1734 1326 1814 populos
1341 1780 1348 1810 ,
1365 1751 1419 1794 mec
1438 1753 1500 1795 aon
1514 1734 1609 1815 ipsam
1626 1748 1678 1813 per

193 1846 261 1890 ram
279 1828 376 1889 rediit.
398 1829 426 1903 2)
454 1829 579 1889 Petrum
599 1832 737 1890 sutorem
759 1827 914 1889 414444444-
967 1838 1145 1891 4444444444
1163 1825 1273 1888 Orbem
1294 1824 1533 1908 famatissimam
1547 1825 1675 1903 meam,

192 1940 278 1995 num,
300 1923 352 2000 qui
380 1922 579 2000 uehementer
606 1924 635 1982 in
662 1939 733 1984 enm
758 1920 913 1981 invehitur
969 1920 1123 1981 doctorum
1144 1919 1332 1999 imperiorum
1347 1919 1491 1982 altricem
1516 1918 1673 1981 144444444-

197 2020 295 2098 eapite
312 2017 346 2079 84
373 2016 440 2078 llbri
461 2016 499 2077 de
521 2017 717 2078 translatione
745 2015 857 2076 Bibliae
882 2021 914 2074 et
969 2015 1046 2075 sime
1062 2014 1263 2098 peragrasti,
1286 2018 1349 2074 lum
1368 2020 1404 2077 ut
1425 2032 1476 2076 eos
1498 2011 1625 2096 priosta
1644 2011 1674 2072 t·-

198 2128 344 2173 novarum
384 2111 591 2191 reprobatione
634 2111 808 2173 versionum
846 2123 912 2187 pag.
971 2106 1036 2169 bris
1063 2113 1152 2189 atquc
1171 2107 1257 2190 sama
1279 2124 1420 2181 neumas,
1442 2124 1549 2170 coram
1574 2123 1676 2188 promit

200 2203 361 2279 LXXXII,
378 2221 464 2282 seqq.
490 2205 570 2264 sicut
590 2205 620 2263 in
637 2205 800 2265 Erasmam
816 2201 914 2280 capite
969 2200 1100 2277 ut'deres,
1118 2211 1183 2262 tum
1198 2208 1233 2262 ut
1251 2199 1292 2262 ab
1322 2201 1366 2278 eis
1394 2199 1492 2264 bonas
1517 2201 1630 2263 litteras
1645 2198 1678 2261 ad

198 2299 249 2362 20.
277 2299 398 2360 Parisiis
420 2297 500 2378 apud
516 2299 662 2358 ioannem
680 2297 830 2370 Potitum,
848 2295 914 2354 sine
971 2301 1037 2358 tuos
1057 2295 1231 2357 adveheret.
1252 2296 1338 2357 Alter
1363 2303 1412 2356 est
1429 2297 1676 2358 Bartholomaeus

198 2395 269 2454 anni
292 2394 412 2454 notaio
436 2391 533 2467 4448)
556 2387 694 2452 Natalem
719 2386 833 2449 Bedam
857 2389 916 2448 144
971 2392 1182 2453 04444444444
1212 2393 1242 2449 44
1273 2389 1414 2471 catalogo
1442 2390 1563 2451 Gloriae
1588 2389 1677 2452 414444

196 2494 310 2548 ctorem
336 2486 556 2559 Parisiensem,
584 2500 674 2560 cujus
695 2488 819 2543 exstant
846 2480 913 2542 libri
968 2493 1053 2564 parte
1071 2486 1119 2560 X,
1137 2483 1375 2545 consideratione
1392 2484 1442 2545 IV.
1472 2501 1504 2564 p.
1531 2486 1600 2548 404.
1617 2486 1676 2561 Qm·

197 2587 270 2652 tres,
288 2580 404 2657 primus
423 2580 452 2638 in
469 2579 710 2640 Commentarios
723 2576 809 2637 Fabri
822 2591 914 2655 super
968 2576 1025 2640 bus
1046 2577 1137 2639 etiam
1164 2575 1364 2658 adjungemus
1389 2572 1477 2639 illam
1497 2578 1602 2640 virum
1628 2593 1677 2637 om

195 2672 346 2753 Epistulas
371 2673 466 2748 Pauli,
486 2670 645 2733 84444444
668 2673 698 2731 44
722 2671 913 2732 Commenta·
967 2673 1051 2732 aium
1072 2671 1273 2732 litteratorum
1304 2670 1337 2731 in
1360 2685 1441 2733 amm
1465 2671 1570 2735 scibili
1590 2669 1677 2753 perf·

196 2769 256 2828 rios
273 2765 410 2843 eiusdem
428 2782 520 2844 super
537 2772 668 2843 quatuor
687 2763 865 2842 Evangelia,
881 2769 913 2823 et
966 2766 1287 2829 atissimumJacobum
1304 2767 1444 2842 Fabium,
1456 2769 1676 2849 stapulensem,

196 2861 305 2920 tertius
318 2863 346 2918 in
359 2860 475 2919 Erasmi
492 2857 695 2937 Paraphrases
710 2873 801 2936 super
812 2857 913 2916 Evan—
967 2862 1023 2942 qui
1049 2877 1144 2921 causa
1172 2859 1324 2936 discendi,
1355 2865 1448 2921 totam
1474 2860 1630 2944 Europam
1653 2864 1677 2920 et

196 2947 815 3033 84144444444441444444441444444Ιί444.
833 2949 913 3008 Pari·
966 2955 1072 3017 Asiam
1104 2952 1325 3035 transfretavit,
1355 2960 1385 3015 et
1412 2955 1535 3035 partem
1564 2954 1675 3037 Asamus

99 3095 103 3109 ·
197 3046 620 3120 ⁵15845262f01·0²C01011·
651 3045 754 3118 ⁴52⁶,
782 3044 809 3102 4·
835 3042 863 3117 bl
881 3048 912 3102 θῑ
966 3051 1057 3112 etiam
1074 3048 1269 3119 transcurrit,
1290 3053 1327 3108 ut
1343 3048 1428 3110 viros
1448 3047 1551 3112 doctos
1571 3056 1600 3110 44
1614 3064 1672 3131 per-

195 3140 332 3219 ejusdem
349 3140 447 3202 Bedaa
461 3140 623 3201 declaratio
639 3138 809 3198 sententiae
826 3142 857 3195 et
874 3138 913 3195 ri·
964 3140 1399 3226 semesimoslitterisaramis,
1411 3142 1539 3218 44444444,
1552 3140 1674 3204 [444444-

198 3243 249 3298 444
267 3235 419 3297 Ecclesiae
436 3233 474 3294 de
495 3236 583 3296 unica
597 3231 790 3312 Magdalena,
807 3237 912 3290 contra
966 3238 1010 3299 cis
1026 3243 1056 3298 et
1073 3235 1238 3299 chaldaeis
1255 3235 1409 3313 inveniret.

194 3329 404 3391 Cliehtoveam
419 3335 451 3387 et
466 3329 596 3389 Fabrum
613 3326 693 3387 edita
711 3326 803 3386 Paris.
821 3323 911 3398 1549,
1007 3330 1024 3368 r
1043 3331 1091 3392 Ex
1113 3330 1238 3410 epistola
1257 3332 1324 3391 eius
1347 3328 1417 3390 data
1438 3332 1563 3393 parisiis
1584 3331 1621 3392 ad
1638 3332 1677 3391 Ja

196 3425 223 3483 4.
237 3422 266 3501 4)
280 3420 427 3483 Dilatum
439 3421 594 3504 dometium
606 3419 642 3481 dc
657 3418 783 3482 8400440
796 3420 822 3493 0)
835 3417 911 3477 The·
965 3443 1075 3488 aunem
1099 3423 1293 3503 Langrenam
1315 3425 1588 3504 Minoritam,quae
1607 3429 1678 3487 extat

193 3518 312 3594 ologum
331 3516 483 3577 cruditum
506 3515 798 3587 salmanticensem,
821 3510 912 3589 oujm
965 3522 994 3580 in
1027 3517 1124 3580 libello
1157 3519 1301 3597 inscripto
1333 3515 1465 3580 duellum
1497 3518 1677 3599 epistolarum

193 3609 748 3673 4444444444444444441444444444
764 3606 839 3667 edit.
856 3605 912 3666 Ve-
964 3611 1178 3694 Symphoriam’
1187 3610 1342 3691 Comperit
1356 3610 1431 3673 baec
1446 3615 1553 3674 scribit
1565 3614 1602 3676 de
1621 3628 1679 3693 444

195 3710 265 3762 neta
288 3703 380 3772 4520,
403 3703 450 3762 iol.
472 3702 593 3763 Criticis
614 3703 708 3761 sacris
730 3702 860 3761 insertae
871 3698 913 3759 14-
966 3698 1049 3767 ribus
1064 3707 1129 3767 auis
1142 3725 1148 3764 :
1161 3706 1219 3765 His
1236 3702 1341 3765 diebus
1355 3704 1496 3768 misimus
1513 3723 1557 3769 44
1574 3706 1678 3791 officina

193 3800 326 3875 guntur:
354 3811 424 3856 nam
453 3794 532 3855 idam
549 3812 671 3874 quoque
690 3793 841 3855 adversus
857 3793 913 3854 Fa·
961 3796 1181 3881 philosophiam
1197 3796 1370 3859 Aristotelis
1387 3798 1540 3877 iatepram
1554 3819 1620 3862 cum
1634 3797 1680 3860 du·

194 3888 281 3951 brum
296 3890 506 3950 annotationes
520 3897 552 3950 et
568 3887 786 3967 antapologiam
802 3887 910 3962 edidit,
961 3891 1038 3974 plici
1051 3891 1256 3953 translatione.
1270 3892 1357 3953 Nune
1367 3895 1558 3957 resumimus
1574 3893 1680 3957 labores

193 3998 336 4044 excusem
366 3985 515 4061 compluti
546 3983 623 4045 4549
647 3988 679 4043 44
695 3984 788 4043 Paris.
808 3982 910 4057 4544,
965 3988 997 4049 ia
1013 3984 1178 4048 emittendis
1189 3984 1336 4066 apartibus
1352 3983 1680 4069 martyrumdeiadeu

195 4077 243 4138 iol.
274 4077 302 4153 5)
330 4078 469 4138 Marcum
498 4072 725 4138 Graudaoillem
758 4076 911 4154 denique,
965 4082 1110 4142 Dominus
1126 4079 1259 4159 dederit,
1278 4075 1493 4160 aggrediemur
1512 4090 1601 4164 pesta
1623 4100 1680 4146 cm

196 4172 380 4232 canonicam
398 4173 429 4234 s.
446 4173 574 4233 Victoris
591 4172 684 4231 Paris.
702 4168 791 4248 cujus
805 4169 912 4249 Apolo
964 4174 1123 4258 fessorum.
1141 4177 1184 4236 De
1202 4176 1358 4236 simultate
1380 4190 1435 4237 sua
1463 4190 1537 4239 eum
1561 4178 1678 4241 Erasmo

195 4267 241 4345 gia
259 4281 312 4345 pro
330 4269 419 4327 unica
435 4266 608 4344 Magdalena
624 4310 631 4340 ,
648 4262 777 4342 ejusque
804 4264 911 4344 Apolo-
964 4270 1039 4332 haec
1056 4272 1086 4330 ln
1100 4267 1206 4329 eadem
1222 4269 1348 4348 epistola
1362 4269 1482 4330 scribit:
1496 4270 1583 4332 later
1595 4289 1640 4333 ms
1657 4272 1682 4328 el

964 4365 1130 4424 Erasmum
1147 4379 1189 4422 ecc
1208 4366 1298 4441 parte
1324 4379 1392 4422 mea
1418 4361 1506 4424 nulla
1534 4363 1680 4426 simulatio

234 4516 261 4579 a)
278 4520 435 4567 ilermsnnus
450 4514 483 4563 ab
498 4513 577 4562 lisrdt
592 4512 698 4562 blstorla
723 4512 915 4563 Reformatlonls
965 4457 1107 4539 nullaque
1134 4454 1396 4562 mplevoqmiafh
1424 4455 1511 4518 mum
1535 4458 1638 4566 “fiac
1650 4457 1682 4565 ,de

124 4649 127 4657 ,
190 4603 250 4655 pag.
266 4591 307 4642 49.
323 4604 377 4654 seo.
393 4595 424 4642 b.
439 4587 493 4640 val.
510 4592 630 4637 Ernestus
647 4587 800 4638 toescberus
816 4589 842 4635 tn
867 4592 916 4638 44-
966 4570 1062 4614 cama
1085 4549 1168 4611 Μῖνι
1184 4549 1226 4610 “d
1249 4555 1428 4657 mmmm}
1451 4552 1589 4658 'Emmb
1605 4551 1681 4634 ΨΜ·

189 4669 221 4716 414
238 4667 431 4716 4414444414444
447 4663 603 4727 plenioribus
620 4667 681 4713 tom.
695 4661 706 4710 1
721 4673 780 4725 pag.
795 4660 851 4711 504.
863 4672 916 4726 seq.
966 4663 1059 4729 quam
1067 4643 1257 4726 respondere,
1268 4663 1306 4706 tie
1318 4663 1385 4706 etim
1408 4651 1681 4729 imitaremqmm·

232 4741 260 4801 b)
275 4741 346 4792 141414.
363 4743 448 4790 simon
467 4742 510 4790 111.
527 4739 587 4789 bist.
605 4739 667 4788 crit.
684 4741 712 4787 it.
730 4741 760 4786 Τ.
774 4749 834 4800 Μ.
857 4737 914 4789 544.
967 4741 1014 4802 vig
1030 4736 1171 4800 haberem
1188 4756 1246 4820 guo
1267 4739 1299 4800 in
1311 4745 1455 4822 promptu
1472 4758 1571 4802 mmm
1592 4739 1683 4822 defga.

189 4814 668 4951 ⁰²attritumflautei·
682 4811 915 4939 4444114...
968 4832 1069 4895 dur
1083 4834 1281 4896 ,em-m,
1299 4881 1306 4893 ·
1322 4880 1330 4894 ·
1348 4882 1354 4895 ·
1370 4832 1494 4916 ,aem
1519 4835 1681 4918 ’904

188 4977 245 5028 pag.
265 4965 320 5014 559.
337 4977 390 5027 seq.
407 4970 433 5014 ct
459 4971 520 5015 tour.
549 4964 560 5013 1
589 4974 710 5014 censurae
724 4961 853 5024 84411444,
878 4969 916 5014 itu
967 4943 1034 4988 ”em
1047 4927 1088 4987 “d
1102 4924 1274 5033 fl'ssmhl‘m,
1287 4944 1523 5004 mmirwm
1536 4930 1679 4992 ‘¹de

188 5042 309 5090 44414444
326 5052 351 5101 p.
368 5038 425 5088 589.
441 5039 497 5089 ott.
515 5053 568 5103 seq.
967 5018 1399 5100 indispositmadrcmbmdum
1406 5027 1443 5083 ut
1451 5021 1535 5088 titillo
1541 5039 1678 5108 praem
