3464 5318
125 412 269 488 44444444,
287 426 343 473 seu
369 411 580 473 conscientiam
603 410 843 489 pertinentibus,
898 412 1021 493 litteris,
1036 428 1072 475 ac
1088 411 1285 493 Chrysolerae
1312 412 1494 496 discipulus,
1509 416 1622 483 Graeci

126 502 844 586 quodahipsosumemlloselloappcllatur.Pru·
899 506 1441 587 citatim-linguavaluit,etllorens
1456 511 1621 575 etiamnum

126 599 180 659 diit
197 602 316 661 Parisiis
333 600 420 661 4498.
438 599 511 660 4444
527 599 724 661 Trithemium
740 600 844 662 4026.
898 597 995 660 Annis
1009 600 1129 678 scripsit
1144 599 1235 662 lihros
1250 598 1373 663 duosde
1383 618 1418 663 re
1432 602 1566 680 4444444,
1577 621 1622 667 re·

165 694 258 769 4840
275 694 394 753 nomine
410 694 561 771 Baptistae
577 691 614 753 de
638 693 715 754 Salis
730 692 843 754 editam
897 708 987 753 cusos
1003 691 1100 754 Amst.
1112 693 1202 773 taso,
1218 694 1266 755 48.
1283 694 1401 768 latine,
1419 694 1508 775 ’,444
1521 697 1620 759 minus

126 788 240 864 reperio
267 802 421 847 summam
441 785 603 861 Bosellem,
620 803 676 849 seu
692 786 840 847 Bosellam
896 784 1010 862 italice,
1026 785 1147 848 Alherto
1164 788 1255 848 Lollio
1271 789 1457 849 Ferrariensi
1474 791 1622 869 interpre-

124 877 246 940 G'enuae
267 897 316 940 an.
344 881 437 941 4484.
455 882 538 941 44444
562 886 663 941 autem
679 878 841 941 editionem
896 884 927 938 44
942 879 1075 940 Venetiis
1097 880 1187 955 4548,
1203 882 1232 941 8.
1250 882 1449 943 444444444444
1468 899 1485 942 4
1503 882 1622 944 Plutan

123 974 222 1052 egeln
238 972 420 1033 Bibliotheca
435 989 503 1033 mea
517 988 616 1032 serve.
896 971 952 1033 eho
969 975 1063 1034 vitam
1083 971 1226 1035 Aristidis
1245 981 1277 1035 et
1294 972 1416 1039 04444444
1442 970 1619 1055 dicavitqire

162 1065 345 1127 Bhl’TlSTA
357 1062 843 1145 limmirssrdinisllinomm,
897 1066 980 1127 444444
996 1065 1159 1128 Zachariae.
1176 1065 1321 1146 Ejusdem
1333 1066 1491 1129 0444444444
1506 1074 1539 1128 44
1549 1066 1620 1150 Bpi·

123 1157 727 1239 apudLovanienses,scripsissetraditur
740 1162 843 1238 etipse
895 1157 1043 1222 4444444444
1059 1157 1132 1221 tetri
1142 1161 1215 1223 XVI.
1232 1161 1429 1222 celebrantur.
1446 1162 1555 1223 Plures
1579 1160 1616 1225 ad

123 1255 280 1316 Summam
297 1269 424 1315 44444444
440 1252 661 1327 Conscientiae,
675 1252 843 1315 litterarum
897 1251 977 1314 hunc
994 1253 1142 1315 8444444444
1159 1253 1303 1334 Philelphi
1318 1254 1480 1334 Epistolae.
1506 1255 1617 1318 Habuit

122 1346 269 1425 digestam
286 1345 403 1423 ordine,
419 1362 497 1424 quac
512 1342 732 1425 Baptisiiaieeo
752 1345 790 1407 eh
808 1362 844 1407 eo
897 1344 945 1406 hic
962 1348 1138 1408 Franciscus
1152 1350 1243 1411 etiam
1259 1342 1354 1408 illium
1369 1347 1568 1425 Zacharia,et
1581 1365 1617 1409 ex

122 1441 179 1500 dici
196 1440 364 1500 consuevit.
390 1437 502 1499 Prodiit
517 1440 627 1500 Bomac
648 1438 726 1500 4473
742 1436 845 1517 Augu-
896 1437 952 1500 hoc
963 1447 1101 1520 nepotem
1108 1441 1307 1519 Hermolaum,
1318 1440 1619 1521 Patriamhamhqui·

122 1531 843 1611 44444484444444444443444488.4444444444οὄ,
897 1530 1050 1611 leiensem.
1076 1533 1135 1595 Sed
1152 1540 1183 1596 et
1199 1536 1312 1609 fratris,
1340 1533 1512 1610 Zachariae,
1539 1535 1617 1597 lilius

123 1628 211 1704 4498,
220 1626 341 1687 Parisiis
356 1626 434 1687 4545
449 1631 481 1686 et
497 1622 678 1704 Argentinae
691 1626 778 1688 4546.
789 1627 843 1693 liic
895 1627 1615 1708 Hermolausappellahatur,VeronensisEpisoo-

120 1721 254 1798 Baptista
274 1720 386 1780 rectius
401 1734 473 1780 cum
493 1720 646 1798 superiore
673 1719 766 1795 44444,
791 1736 842 1780 44-
894 1738 960 1800 pus.
979 1723 1021 1781 444
1049 1722 1175 1800 singulis
1201 1721 1342 1782 distincte
1375 1738 1444 1782 sum
1469 1720 1616 1783 dicturus

121 1814 250 1892 demque
266 1830 386 1875 summa
413 1812 540 1874 hahetur
557 1827 575 1871 4
592 1810 709 1874 labbeo
733 1819 806 1875 tom.
825 1813 839 1874 l
892 1814 1130 1876 Frarrciscnshic
1143 1814 1222 1875 diem
1233 1815 1305 1874 ohiit
1316 1813 1616 1894 Annollhldequo

120 1906 203 1968 448
220 1907 255 1968 B.
277 1924 341 1987 cap.
370 1907 428 1967 488
456 1922 631 1985 quenquam
657 1905 707 1969 alii
733 1905 839 1968 distin-
892 1914 1011 1988 praeter
1026 1900 1235 1983 Trithemlum·
1248 1924 1313 1988 cap.
1330 1905 1399 1967 706.
1426 1908 1564 1970 Baelium
1583 1909 1614 1969 in

119 2009 229 2080 guent,
245 2007 280 2062 44
296 1999 484 2079 Waddingus
499 2002 530 2061 in
547 1999 728 2061 Bibliotheca
754 1999 840 2062 Ordi·
893 2001 1013 2079 lexico,
1027 2007 1165 2063 accurate
1174 2000 1335 2081 Apostolus
1345 2002 1443 2062 Zenus
1454 2006 1477 2061 4.
1488 2002 1613 2064 Xlllllll

120 2095 168 2154 nis
183 2096 331 2155 llinorum
343 2110 413 2174 pag.
432 2092 479 2155 47.
893 2097 981 2159 1444444
995 2095 1189 2157 Bruditerum
1206 2094 1308 2156 ltaliae
1324 2111 1390 2174 pag.
1409 2094 1468 2155 430
1479 2110 1545 2174 seq.
1561 2096 1611 2174 qui

161 2186 343 2249 BAPTlSTtl
369 2189 503 2263 Vareno,
531 2189 591 2248 lilia
612 2188 755 2267 Principis
782 2187 840 2249 Ca·
893 2206 958 2269 pag.
976 2190 1035 2252 843
1048 2191 1138 2249 etiam
1154 2187 1313 2250 Volumina
1329 2186 1389 2249 duo
1406 2186 1612 2269 Epistolonin

119 2284 294 2358 martensis,
308 2281 449 2343 lionacha
460 2283 491 2343 S.
502 2283 617 2355 Clarae,
628 2279 747 2360 quael.
759 2282 837 2342 4500
892 2285 973 2345 4488.
991 2288 1148 2357 memorat,
1165 2281 1309 2360 equibus
1329 2281 1611 2343 historia-litteraria

117 2374 196 2435 diem
213 2376 298 2450 obiit,
312 2392 384 2436 cum
399 2376 572 2454 scripsisset
588 2374 743 2437 historiam
760 2377 838 2436 Con·
890 2378 984 2438 seculi
1008 2378 1064 2438 XV
1087 2378 1242 2453 insigniter
1266 2375 1410 2437 illustrari
1441 2381 1558 2454 possit:
1581 2382 1610 2436 et

116 2471 264 2530 versionis
280 2484 366 2545 suae,
393 2474 423 2528 et
450 2467 507 2529 lln.
526 2469 603 2531 4488
619 2469 657 2529 44
684 2469 836 2548 doloribus
890 2472 1084 2551 Evangelista
1108 2470 1275 2533 llanelmus
1305 2469 1482 2529 Vieentinus
1505 2468 1612 2548 dege

116 2571 183 2623 octo
198 2564 315 2623 animae
340 2563 469 2636 Cllristi,
485 2569 517 2622 et
529 2561 586 2623 4444.
606 2563 678 2624 4494
697 2561 836 2624 recorda·
889 2566 947 2623 stis
963 2566 1111 2637 Francisci
1128 2563 1263 2636 Barbari,
1275 2562 1374 2623 editus
1391 2579 1410 2622 a
1426 2560 1609 2623 444444444-

115 2657 226 2732 tiones,
243 2658 308 2717 sive
321 2657 536 2717 instructiones
550 2656 700 2735 spiritales
713 2664 832 2716 novem.
887 2658 960 2719 drea
969 2656 1124 2731 llsterato,
1133 2658 1250 2718 Brixiae
1262 2654 1351 2729 4708,
1365 2651 1417 2731 4“,
1431 2672 1503 2717 cunr
1515 2656 1610 2718 Fres-

70 2739 76 2749 ’
116 2751 257 2811 Carmina
271 2751 520 2812 etiamLatinaet
536 2751 651 2826 Italica,
672 2749 835 2829 Epistoles-
887 2750 962 2812 cisci
984 2749 1120 2811 Berhori
1144 2750 1258 2812 actione
1282 2747 1477 2829 9444444444,
1510 2747 1609 2811 hedilo

116 2860 184 2920 que.
203 2841 276 2903 Vide
292 2842 504 2923 Waddingum.
830 2870 833 2875 ·
882 2843 992 2927 popatto
1005 2844 1165 2906 8444444444.
1322 2910 1324 2914 Α

157 2936 205 3011 (85
219 2937 298 2998 Suae
318 2937 394 2998 vidit
408 2939 602 3001 eversionem
622 2939 727 3018 gentis
738 2944 771 2998 et
785 2937 832 2999 eh.
925 2939 1149 3018 *Epistolarum
1163 2939 1219 2998 viri
1236 2938 1327 3001 huius
1339 2938 1508 3000 doctissimi
1520 2939 1607 3000 eolle-

115 3026 232 3089 4144444.
249 3031 315 3091 llaii
332 3028 388 3090 ,44.
408 3033 494 3094 4528.
512 3032 597 3093 Geni.
625 3029 697 3095 liiii
719 3030 833 3094 74444444
885 3034 1014 3095 ctionem
1045 3033 1119 3092 satis
1145 3033 1274 3111 amplam
1298 3048 1316 3092 4
1342 3032 1424 3094 MSS.
1447 3032 1522 3093 Cod.
1549 3033 1607 3092 lere

115 3119 149 3181 di
158 3121 316 3186 0444444444
326 3129 357 3185 et
369 3124 516 3186 Pcrcucci
531 3126 657 3203 (liatteo)
675 3125 740 3189 4444
753 3123 832 3187 delia
886 3145 923 3188 ex
939 3129 1053 3202 integro
1063 3132 1180 3186 erutam
1194 3124 1278 3186 dedit
1287 3126 1484 3186 Eminentiss.
1497 3141 1609 3186 44444-

114 3215 148 3276 B.
169 3217 247 3278 Bott.
272 3220 387 3279 Vareni
407 3217 601 3300 Principesio
620 3218 654 3279 di
673 3218 832 3282 0444444444
885 3218 980 3280 ditias.
992 3220 1022 3281 S.
1037 3220 1070 3280 lt.
1088 3217 1122 3279 E.
1141 3217 1306 3280 cardinalis
1319 3215 1443 3306 dupli.
1455 3218 1606 3293 Quirinus,

114 3308 316 3390 esortdetriee
345 3310 395 3373 dei
412 3313 581 3374 4444444444
611 3311 645 3374 di
662 3316 693 3375 8.
717 3312 853 3374 Cicero
886 3315 934 3374 eui
951 3321 982 3374 et
1001 3310 1196 3392 appendicem
1223 3326 1262 3370 ex
1287 3309 1353 3371 aliis
1380 3309 1521 3370 eiusdem
1539 3310 1608 3370 Bar·

114 3421 169 3463 cen
188 3402 245 3464 aie.
263 3409 393 3483 operette
401 3403 559 3485 spirituali
569 3404 648 3467 44444
663 3405 832 3469 modeim.
885 3408 948 3468 heri
964 3414 996 3466 44
1012 3407 1136 3466 eliorum
1153 3402 1191 3465 ad
1208 3405 1307 3484 ipsum
1320 3400 1458 3482 epistolis
1484 3420 1525 3464 ex
1544 3402 1607 3465 aliis

113 3498 270 3557 44444444
292 3498 380 3559 test.
403 3499 433 3559 4.
885 3501 967 3563 MSS.
985 3497 1076 3561 Codd.
1098 3497 1221 3580 adiecit,
1238 3496 1380 3558 ut‘simul
1397 3511 1506 3557 omnes
1526 3508 1607 3557 aum-

154 3590 170 3626 *
186 3591 302 3669 Pigeret
316 3590 364 3649 hic
380 3589 554 3653 illaudatam
568 3593 755 3671 praeteriisse
774 3595 846 3655 44-’
886 3611 965 3656 mam
981 3590 1139 3653 conicient
1155 3588 1305 3671 epistolar.
1319 3588 1386 3649 368.
1401 3589 1515 3649 Prodiit
1531 3604 1604 3668 opus

113 3701 217 3746 renam
231 3683 359 3745 alteram
369 3683 423 3745 hac
436 3686 648 3764 antiquiorem,
665 3704 756 3765 quam
766 3687 831 3768 lego
885 3689 1001 3749 Brixiae
1017 3702 1064 3746 an.
1083 3682 1160 3746 4743
1178 3687 1207 3743 44
1225 3684 1251 3745 4.
1266 3683 1423 3769 Praemisit
1440 3680 1513 3744 huie
1525 3682 1607 3742 volu·

112 3777 275 3837 orationem
286 3776 733 3860 eloquentiaeernatissimamq.
741 3783 833 3861 scrip
886 3783 958 3853 mini
974 3777 1081 3840 author
1097 3775 1320 3838 eruditissimus
1336 3774 1482 3836 volumen
1499 3775 1532 3834 in
1549 3790 1606 3853 quo

112 3872 202 3948 sisse,
219 3877 250 3931 44
267 3872 409 3934 recitasse
425 3890 526 3934 eoram
543 3874 653 3936 Blauca
665 3875 832 3937 liariaPhl-
885 3880 980 3932 totam
994 3871 1115 3932 Barbari
1136 3870 1295 3933 Historiam
1315 3869 1465 3929 latissime
1491 3875 1526 3930 et
1544 3867 1608 3929 dili-

113 3965 185 4045 lippi
209 3967 246 4027 ll.
277 3966 466 4029 vicecomitis
493 3965 720 4030 Mediolaneneia
740 3969 832 4029 Ducis
884 3962 1416 4046 gentenexpenitEiusdcmBarBari
1429 3968 1605 4025 4444444444

112 4059 172 4121 silla
187 4076 257 4121 eum
271 4061 379 4121 aetatis
388 4077 503 4123 annum
514 4062 582 4123 xlv
594 4079 652 4124 nen
662 4060 831 4124 excederet
884 4056 975 4118 riolos
981 4055 1159 4119 8444444444
1171 4057 1497 4118 memeratNicltestis
1511 4057 1540 4117 in
1553 4072 1605 4116 sua

112 4153 213 4215 Testis
228 4152 319 4215 huius
338 4160 386 4215 est
413 4160 445 4215 et
472 4155 608 4217 laudator
634 4155 831 4218 Guinilortius
884 4152 979 4232 Epist.
996 4151 1178 4213 adeundam
1194 4150 1367 4225 Barbarum,
1384 4166 1464 4228 quae
1476 4156 1529 4211 est
1550 4149 1603 4211 433

110 4247 264 4307 Barzizius
280 4248 310 4306 in
326 4247 451 4326 epistole
466 4265 502 4309 ea
515 4247 553 4309 de
569 4248 649 4310 read
667 4249 747 4310 illam
759 4250 831 4310 seri·
886 4247 914 4305 in
932 4243 1036 4305 eadem
1054 4245 1237 4307 collectione.
1262 4243 1478 4327 Praelatlonem
1494 4243 1604 4304 444444

112 4347 162 4419 pta
179 4340 249 4401 4444
267 4355 316 4400 an.
335 4339 413 4400 4434
429 4357 494 4418 pag.
515 4341 661 4403 4344444
677 4359 696 4403 4
711 4344 831 4403 Furieto
885 4339 932 4397 nis
942 4336 979 4398 de
990 4341 1051 4396 vite
1064 4337 1201 4397 Aristidis
1211 4343 1242 4397 et
1253 4336 1383 4396 Platonis
1397 4352 1438 4397 ex
1448 4332 1603 4398 Plutarcho

111 4441 242 4497 curatae.
268 4432 317 4495 An
339 4450 413 4493 vero
440 4435 545 4495 Latina
572 4435 645 4496 haec
658 4437 698 4496 sit
718 4438 829 4513 oratio,
883 4431 1019 4509 vulgavit
1035 4429 1121 4491 card.
1139 4431 1281 4502 Quirinus
1297 4429 1327 4489 in
1349 4427 1483 4491 Diatriha
1499 4428 1603 4508 praeli·

112 4545 168 4589 sen
181 4526 343 4591 vernacula
356 4528 468 4606 ignom.
583 4576 586 4583 ,
884 4524 1009 4584 liminari
1027 4523 1065 4585 ad
1081 4525 1285 4585 collectionem
1316 4522 1516 4602 epistolarum
1535 4526 1603 4585 Ber·

151 4621 334 4683 Frottciscus
350 4617 562 4694 BhBBilllUS,
577 4621 723 4695 candiani
735 4625 828 4700 lilius,
883 4617 955 4678 herl.
972 4618 1018 4678 Ex
1034 4619 1102 4677 eius
1117 4616 1301 4678 orationihus
1318 4616 1464 4694 vulgatae
1474 4614 1600 4678 suntab.

110 4712 222 4776 liohilis
238 4715 372 4776 Venetus
386 4731 420 4776 ac
431 4716 602 4777 Praelectus
612 4717 736 4792 Brixiae,
748 4718 829 4779 illam
883 4713 981 4774 Emin.
999 4711 1120 4782 Quirin⁰
1138 4709 1240 4770 0444440
1255 4705 1393 4790 smilis*
1416 4725 1479 4788 imt
1498 4724 1601 4771 “m
1624 4788 1629 4801 ,

111 4814 265 4869 mmmm
281 4808 429 4871 adversus
446 4816 546 4870 motus
566 4812 717 4888 internos’
738 4818 830 4890 διψῶ
923 4865 1037 4915 'Latine
1062 4869 1160 4929 saepius
1178 4868 1295 4919 viderunt
1320 4864 1425 4929 1444444,
1448 4873 1478 4919 444
1505 4871 1600 4921 44444444

113 4902 277 5006 exercitum
299 4901 549 4969 Mediolanensem
562 4911 691 4984 perires
708 4923 830 4969 menses
878 4940 1057 4995 mmmm„
1076 4953 1133 5006 m,
1148 4940 1206 4993 lle.
1229 4941 1328 4994 mm,
1341 4945 1422 4996 „pm
1438 4942 1536 4998 ωηο.
1550 4956 1600 4999 „,.

113 4993 827 5067 tor-teordeienditln.litaldemelerusetiam
877 5022 931 5081 444,
949 5017 1015 5070 sotto
1030 5020 1166 5082 interprete
1181 5019 1285 5071 44444444
1301 5015 1376 5071 lost.
1426 5036 1429 5041 ·
1510 5062 1515 5067 .
