3464 5318
668 362 955 423 tttttthttttts
1500 371 1558 434 534

63 467 265 528 bertrandum
295 466 530 544 Foroiuliensem
561 468 725 548 Episcopos
754 472 781 529 in
838 469 867 529 7.
890 470 1049 530 hiiscellan.
1073 488 1137 549 pag.
1161 473 1228 531 ooo
1257 473 1381 551 liugcnii
1408 474 1467 548 ii',
1494 472 1563 534 bai-

66 563 179 623 Baluzii
197 562 318 623 iiisccll.
337 567 409 621 tom.
426 563 454 622 4.
471 578 535 640 pag.
550 562 784 640 44444444444444
840 562 899 624 iam
930 563 1081 625 aduersas
1112 565 1295 644 Prospermm
1323 565 1361 626 dc
1391 566 1556 639 Columna,

42 654 146 715 duae
163 652 365 714 ad‘hbbatem
384 661 415 714 et
430 654 590 716 hicuachos
606 656 782 728 beccenses,
842 655 1053 732 Cardinalem,
1076 675 1143 737 pag.
1165 660 1232 719 543.
1254 661 1296 719 04
1325 659 1465 738 Epistolis
1490 661 1558 740 ejus

65 749 94 807 in
114 746 219 806 iisdem
238 755 310 808 lom.
328 747 357 808 7.
375 765 440 827 pag.
460 750 536 821 440,
553 765 615 825 seq.
638 747 684 808 nd
703 747 784 807 Yvo
839 751 993 829 pluribus,
1008 768 1086 829 quae
1098 755 1126 810 in
1145 753 1235 812 tomis
1252 753 1461 831 conciliorum,
1475 762 1506 816 et
1525 759 1553 817 in

68 857 139 899 nem
157 845 188 899 et
202 840 356 901 Serlouem
371 842 520 914 Abbates,
538 842 689 920 Epistolac
706 840 783 901 duae
840 843 925 904 lictis
957 845 1080 905 Concilii
1113 846 1294 906 Basilecnsls
1326 847 1384 907 hu.
1417 848 1490 909 4434
1527 856 1559 908 44

63 931 356 1012 apudEdmundum
370 933 788 995 biertenctom.l.hnecdo'
839 938 1038 996 Ferrariensis
1057 937 1104 998 ’44
1136 938 1299 999 Florentini
1328 938 1384 998 An.
1418 940 1495 1001 4439
1528 946 1559 1000 44

64 1036 164 1087 torum
183 1043 249 1104 pag.
268 1026 327 1086 404
345 1028 402 1087 4444
420 1026 458 1087 nd
477 1027 782 1105 Bermundum,pag.
838 1032 1038 1107 Frisingensis
1058 1030 1114 1091 An.
1134 1033 1211 1114 4440
1243 1038 1275 1091 et
1304 1031 1382 1109 apud
1401 1035 1557 1111 bzovium,

64 1121 171 1182 44444
194 1120 230 1179 ad
257 1122 416 1199 Sugerium
437 1121 584 1180 hbbatem
612 1119 690 1180 duae
715 1136 780 1198 pag.
838 1122 1110 1202 limandumque,
1133 1131 1164 1184 et
1187 1126 1214 1183 in
1244 1122 1402 1204 Waddingi
1433 1124 1559 1187 Annali-

68 1214 100 1273 44
110 1214 137 1272 6.
156 1212 239 1273 Aliae
255 1216 326 1272 item
345 1215 497 1291 Epistolae
515 1216 567 1275 XV
583 1217 631 1288 ,44
646 1213 783 1291 eiusdem
839 1215 897 1275 bus
919 1215 1049 1277 Ordinis¹
1061 1219 1207 1278 biinorum
1231 1216 1302 1276 tom.
1325 1219 1368 1291 V,
1396 1218 1558 1296 leguntur,

64 1309 201 1367 blartenii
219 1313 310 1384 atquc
334 1309 431 1367 Ursini
449 1307 581 1368 Durandi
599 1324 677 1367 nova
695 1306 783 1366 colle·
840 1309 961 1386 longum
984 1315 1031 1367 est
1053 1311 1173 1369 reierrc.
1197 1310 1230 1370 ln
1259 1312 1366 1370 4444444
1392 1311 1557 1372 Cherubini

63 1404 162 1461 ctione
194 1409 265 1460 tom.
296 1401 323 1460 4.
352 1420 381 1479 p.
400 1400 480 1476 647,
505 1417 588 1479 seqq.
613 1399 783 1478 Diptomata
839 1401 963 1480 bullario
978 1409 1101 1462 exstant
1118 1402 1185 1480 ojus
1202 1403 1554 1466 Constitutioneiniiii

66 1497 196 1574 sparsim
215 1495 324 1568 obvia,
339 1501 373 1556 ut
405 1496 432 1552 in
460 1494 642 1555 Bibliotheca
666 1495 785 1554 Clunia-
839 1500 911 1553 tom.
935 1497 962 1556 l.
984 1513 1051 1573 pag.
1071 1495 1203 1559 338-373
1224 1513 1263 1556 ex
1284 1497 1394 1573 quibus
1411 1498 1475 1558 XV.
1490 1514 1557 1576 pag.

62 1589 145 1648 censi
176 1587 316 1665 Andreae
345 1587 386 1649 du
413 1587 535 1647 Chesne
558 1604 622 1665 pag.
649 1588 721 1648 4444
754 1589 782 1646 44
839 1591 891 1650 354
919 1595 967 1648 444
987 1587 1024 1648 dc
1057 1587 1268 1650 cardinalium
1299 1588 1441 1668 dipnimte
1472 1608 1559 1670 prae·

64 1681 189 1741 iirnoldi
206 1681 362 1743 Oihenarti
380 1683 485 1741 notitia
503 1683 661 1758 utriusque.
675 1682 784 1741 Vasco·
839 1683 983 1741 4444444444
1004 1685 1132 1742 caeteris
1154 1683 1374 1742 Ecclesiastiois
1407 1682 1560 1761 dignitati-

63 1774 188 1834 niaelib.
205 1777 232 1835 4.
247 1791 311 1852 cap.
330 1775 348 1834 3
366 1781 424 1834 etc.
442 1772 622 1835 t'ideGaroli
636 1772 674 1832 de
689 1772 778 1832 Viscb
800 1808 803 1816 ·
839 1775 915 1834 bus.
938 1775 1097 1837 Decretum
1118 1776 1210 1834 xvtt.
1232 1792 1297 1854 pag.
1321 1777 1379 1836 353
1397 1774 1432 1836 de
1448 1774 1557 1836 acione

60 1867 273 1927 Bibliothecam
295 1868 529 1929 cisterciensem
544 1885 610 1945 pag.
629 1866 696 1927 403.
718 1882 783 1943 seq.
840 1867 918 1927 inter
934 1869 1099 1927 Romanam
1115 1872 1145 1925 et
1163 1868 1313 1928 Graecam
1334 1868 1501 1930 Ecclesiam
1522 1870 1557 1929 il-

61 1960 202 2021 Carolum
241 1962 384 2020 iacobum
420 1977 486 2039 pag.
530 1961 588 2034 65,
626 1975 689 2035 seq.
724 1960 784 2018 Pri·
840 1961 981 2021 lustravit
998 1958 1557 2022 0444444444144444444474444444-

66 2070 150 2113 mum
173 2054 266 2112 inisse
287 2054 456 2130 Eugenium
480 2044 540 2125 444,
562 2055 612 2130 qui
632 2051 725 2129 iussit
752 2055 782 2111 44
838 2058 944 2124 mata,
976 2054 1097 2114 Ordinis
1123 2054 1385 2128 Praedicatorum,
1414 2057 1466 2132 qui
1498 2055 1563 2116 hu..

63 2145 263 2205 tribunalibus
284 2146 506 2206 Ecclesiastlcis
524 2145 651 2224 judicari
673 2162 781 2207 secun·
839 2148 927 2208 4468.
948 2148 987 2207 46
1008 2147 1195 2226 Septembris
1220 2146 1300 2208 diem
1331 2149 1411 2207 obiit.
1435 2150 1555 2209 Praeter

64 2239 137 2298 dum
160 2236 341 2298 Guhtlnttt
363 2237 540 2312 decretum,
567 2244 651 2298 notat
677 2239 781 2298 trano.
838 2240 985 2300 editiones
1008 2244 1036 2299 in
1058 2240 1142 2301 lictis
1159 2241 1281 2302 Concilii
1300 2242 1472 2315 Florentini,
1489 2257 1557 2319 pro-

63 2333 136 2410 i‘agi
158 2333 187 2389 444
205 2331 352 2392 breviario
369 2331 408 2391 de
425 2334 497 2391 vitis
514 2331 691 2392 Pontificum
710 2339 781 2391 tom.
838 2334 893 2394 (4444
908 2335 1044 2393 Venetiis
1060 2335 1147 2410 4564,
1161 2336 1189 2393 4.
1206 2333 1478 2395 Adeundusetlam
1494 2333 1557 2395 444-

64 2429 92 2486 3.
107 2442 172 2503 pag.
191 2424 229 2484 47
251 2427 301 2503 qui
318 2423 455 2504 iiiploma
472 2425 784 2487 Canonisationisim-
838 2428 939 2486 tonius
960 2426 1152 2488 Florentinus
1175 2429 1203 2485 in
1226 2444 1345 2487 summa
1375 2428 1480 2487 histor.
1507 2430 1553 2486 tit.

57 2518 212 2598 paratoria
226 2518 353 2578 Henrici
368 2519 409 2593 41,
426 2521 451 2594 al
470 2519 557 2580 aliert
568 2535 634 2598 pag.
653 2520 690 2578 30
702 2517 783 2596 quod
838 2521 933 2580 xxti.
955 2537 1019 2598 cap.
1043 2521 1074 2581 44
1104 2526 1174 2579 tom.
1197 2521 1215 2578 3
1237 2537 1301 2598 pag.
1325 2521 1403 2593 549,
1427 2536 1492 2598 seq.
1512 2521 1556 2580 lie

65 2612 159 2673 habes
179 2615 270 2672 etiam
292 2611 555 2691 apud'ltaroninm
579 2612 635 2673 hu.
657 2613 735 2673 4454
751 2618 782 2671 44
839 2629 932 2674 numo
952 2613 1078 2692 Eugenii
1097 2613 1144 2671 ii.
1163 2612 1221 2672 444.
1239 2613 1316 2672 4439
1333 2629 1408 2673 cuso
1423 2615 1452 2672 in
1470 2614 1555 2672 unic

62 2708 93 2764 44
116 2707 268 2766 Laurentii
294 2706 458 2766 Cherubim
491 2706 617 2767 bullario
647 2712 721 2765 tom.
755 2707 782 2766 4.
838 2722 908 2767 nem
931 2708 1072 2781 Latinae,
1094 2705 1224 2766 Graecae
1246 2713 1277 2765 et
1297 2703 1476 2766 Armenicae
1501 2705 1557 2765 Ec

62 2815 128 2878 pag.
152 2800 184 2861 64
211 2805 302 2877 atque
329 2801 417 2860 alibi:
447 2799 529 2859 idem
558 2801 665 2878 Pagius
691 2800 782 2858 etiam
839 2796 1052 2873 clasiae,vide
1072 2800 1104 2857 V.
1117 2799 1150 2860 C.
1167 2800 1292 2859 ioannis
1303 2799 1427 2859 havidis
1439 2797 1556 2859 Koeleri

61 2892 222 2954 adeundus
243 2892 281 2953 de
302 2894 443 2954 Conciliis
465 2893 525 2953 sub
545 2895 680 2970 Eugcuio
702 2892 784 2953 habi·
839 2891 962 2952 delicias
992 2891 1151 2951 historicas
1176 2893 1406 2952 numismaticas
1427 2898 1499 2950 tom.
1529 2892 1556 2950 4.

62 2989 122 3061 tis,
148 2986 321 3047 ircoircnsi
339 2986 395 3047 An.
419 2988 507 3049 4448.
530 2988 559 3045 44
589 3003 649 3064 quo
670 2987 783 3062 scripta
839 3001 905 3062 pag.
926 2983 976 3043 73.
997 2987 1158 3045 Decretum
1180 2983 1221 3045 dc
1236 2984 1448 3045 Armeniorum
1480 2984 1555 3046 Con-

64 3080 377 3142 8111ththth
407 3081 599 3152 examinata,
630 3086 696 3140 tum
727 3080 784 3138 iia-
839 3075 959 3154 cordia,
980 3077 1059 3156 apud
1081 3078 1287 3139 Cherubiuum
1308 3086 1356 3137 est
1378 3079 1459 3138 xix.
1485 3095 1551 3156 pag.

62 3173 162 3234 mensi
180 3172 285 3233 codem
307 3172 364 3233 444.
387 3173 475 3235 4448.
489 3175 518 3231 44
540 3171 783 3249 44444444444444
839 3171 897 3231 355
918 3186 987 3230 cum
1009 3173 1119 3249 sepiem
1146 3167 1343 3228 articolornm
1373 3168 1554 3229 declarabit-

62 3266 186 3337 EUDO,
209 3268 275 3325 sive
299 3267 375 3328 EON
397 3266 567 3326 haereticus
585 3272 617 3327 et
632 3266 784 3327 044444144-
838 3280 882 3323 44.
901 3264 941 3323 Et
958 3261 994 3322 de
1010 3261 1177 3324 Concordia
1193 3259 1401 3321 Jacobitaram
1416 3262 1445 3321 in
1463 3264 1556 3340 AEgy-

61 3362 136 3421 TUS
168 3363 360 3419 Porretanus.
391 3360 529 3420 (1444444
556 3361 659 3432 XVll,
691 3358 783 3436 huius
838 3356 1036 3437 pto,XXiil.
1054 3373 1119 3434 pag.
1139 3356 1299 3429 36444444
1318 3353 1430 3415 libram
1452 3359 1557 3415 contra

57 3455 181 3516 Concilii
200 3452 295 3514 edidit
311 3452 492 3513 Edmundus
507 3454 640 3514 Martene
664 3454 693 3513 in
715 3454 797 3527 Coi,
836 3449 979 3511 Bohemos
1005 3454 1035 3509 ct
1059 3447 1225 3525 Humiles,
1254 3465 1345 3525 quem
1377 3449 1556 3508 Franciscue

57 3551 205 3621 lectione,
232 3547 408 3624 liothcmagi
431 3546 528 3620 4700,
552 3547 578 3607 4.
607 3547 687 3607 edita
711 3564 777 3625 pag.
835 3547 943 3622 Pagius
966 3551 1039 3603 tom.
1063 3544 1079 3602 4
1103 3541 1140 3602 do
1172 3543 1245 3601 vitis
1276 3541 1456 3601 Pontificum
1488 3556 1554 3620 pag.

56 3643 116 3704 434
145 3648 176 3700 44
209 3648 280 3699 tom.
313 3640 340 3698 4.
377 3638 522 3700 Thesauri
557 3638 779 3700 hnecdotorum
835 3639 895 3698 640
917 3644 1088 3711 memorat,
1118 3653 1176 3695 non
1211 3637 1332 3695 memini
1362 3652 1410 3694 me
1442 3633 1556 3694 videre.

57 3753 124 3815 pag.
150 3737 216 3797 444.
241 3735 332 3810 (titt.
355 3732 428 3793 Vide
450 3735 570 3811 tupettt
592 3734 627 3793 G.
642 3733 779 3810 Elogium
835 3733 995 3790 Decretum
1004 3734 1111 3788 contro
1123 3723 1320 3787 Fratrioeiios
1332 3726 1412 3806 apud
1427 3727 1556 3804 4444444-
1592 3750 1595 3757 ·

58 3832 87 3887 444
111 3829 148 3888 tl.
171 3828 229 3887 vol.
252 3825 372 3886 illustri
390 3825 496 3885 Pisani
515 3828 581 3886 Pisa
598 3825 693 3891 47944.
834 3823 907 3883 dum
928 3821 965 3882 ad
982 3822 1039 3882 Au.
1061 3821 1138 3884 4430
1161 3840 1191 3881 4.
1213 3821 1262 3881 44.
1283 3837 1347 3899 pag.
1372 3818 1439 3881 407.
1538 3875 1541 3880 .

97 3921 292 3982 EUGEh‘lUS
314 3921 371 3993 tv,
394 3927 483 3980 antea
506 3915 633 3978 Gabriel
654 3917 778 3981 Curtaei
875 3915 890 3946 '⁴
911 3917 974 3975 h'on
1002 3922 1050 3974 est
1081 3915 1130 3974 hic
1161 3911 1381 3992 praetereunda
1402 3908 1574 3972 annotatio'
1662 3920 1672 3999 ζ

55 4013 193 4089 marius,
227 4015 382 4088 Venetus,
413 4015 491 4090 Papa
522 4011 560 4072 ab
591 4010 648 4072 du.
688 4014 776 4074 4434.
833 4006 980 4087 quaedam
994 4005 1349 4081 manuielinidescripta
1367 4003 1554 4065 inhneCod.

56 4111 152 4171 biartii
174 4110 192 4166 6
214 4108 252 4168 nd
280 4108 403 4167 hunum
437 4105 527 4167 4447.
549 4107 700 4167 Februarii
728 4108 776 4168 48.
834 4102 890 4162 444
909 4102 939 4159 44
958 4101 1024 4160 eius
1045 4097 1248 4171 Bibliotheca,
1267 4096 1421 4173 tepentes
1446 4097 1552 4157 iVan.
1680 4118 1684 4127 =

55 4205 143 4264 liunc
157 4202 298 4262 Oratione
318 4200 432 4260 funebri
453 4206 544 4278 atquc
561 4200 712 4278 epitaphio
728 4217 777 4260 ce·
831 4194 912 4255 4454
931 4189 1099 4251 Florentiae
1116 4188 1228 4250 dicitnr
1244 4187 1351 4269 secisse
1371 4189 1554 4251 constitutio-

56 4297 185 4358 lebravit
202 4295 313 4355 AEneas
325 4295 450 4370 Sylvius
464 4313 470 4350 τ
492 4293 587 4353 Vitam
601 4309 618 4353 a
630 4295 775 4371 scripturo
829 4304 896 4346 4444
911 4285 947 4345 dc
964 4283 1067 4344 maltis
1092 4282 1178 4364 sestis
1199 4300 1258 4342 non
1274 4279 1485 4357 observandis,
1499 4299 1552 4342 nec
1600 4322 1602 4326 ι

55 4396 218 4451 coaetaneo
234 4389 375 4449 traditam
390 4388 530 4466 vulgavit
547 4387 689 4448 baluzius
702 4393 773 4447 tom.
829 4397 888 4438 ooo
908 4384 936 4438 et
955 4377 991 4437 ate
1012 4376 1115 4438 multia
1136 4376 1215 4437 aliis.
1233 4379 1312 4438 ilaec
1328 4391 1485 4452 nunqacm
1502 4392 1552 4436 mo

830 4475 897 4534 alibi
921 4473 1030 4549 legisse
1052 4473 1212 4533 succurrit.

98 4548 124 4610 a)
144 4552 180 4596 nc
199 4547 393 4596 bocilretserus
414 4549 440 4595 ln
460 4547 530 4595 Diris
551 4543 778 4606 bambergensibus
870 4565 1066 4627 EUGENIUS
1090 4564 1215 4625 Helladii
1248 4563 1440 4640 discipulus,
1472 4564 1551 4623 inm

54 4629 80 4670 et
99 4625 124 4671 tn
144 4621 267 4671 tahannts
282 4624 350 4671 Petri
369 4620 487 4682 ludewig
515 4618 683 4682 scriptoribus
697 4628 781 4668 rarum
1044 4628 1048 4638 ·

55 4696 300 4756 bambergensium:
319 4700 379 4745 acta
399 4699 548 4745 sanctorum
574 4700 635 4742 44444.
662 4694 705 4742 iit.
724 4690 781 4741 tulli
830 4661 990 4743 T⁰lei³¹¹⁰⁵
1011 4659 1175 4735 EP¹³⁰⁰P⁰⁵
1196 4657 1313 4734 Primus
1334 4655 1390 4715 ¹¹⁰⁰
1412 4657 1549 4730 nmine,

54 4770 102 4830 44,
120 4783 176 4832 pag.
192 4769 238 4818 744
250 4783 303 4831 seq.
317 4772 443 4820 iohannes
459 4769 588 4820 conradus
603 4768 743 4819 trietericus
755 4769 780 4815 ln
832 4753 1009 4831 subscripsit
1031 4750 1170 4833 Conciliis
1193 4750 1344 4809 Toletanis
1370 4749 1416 4824 V,
1445 4754 1477 4811 ei
1499 4750 1548 4810 Vi.

52 4848 158 4897 historia
175 4851 288 4907 augusta
314 4849 497 4908 imperatorum
520 4844 729 4893 Germanicorum
745 4841 782 4890 ia·

52 4921 140 4971 millae
160 4923 318 4980 saxonicae,
339 4923 438 4971 44444444
467 4918 547 4978 4640,
572 4917 597 4967 4.
620 4922 653 4967 in
673 4920 781 4966 ioannes
873 4912 897 4973 a)
914 4910 1030 4962 4444444444
1058 4910 1183 4960 antonius
1206 4915 1266 4957 tom.
1284 4908 1307 4959 i.
1323 4908 1494 4958 Bibliothecae
1508 4908 1554 4954 ut-

51 4999 178 5046 henricus
200 4995 311 5045 ieltztus
339 4996 365 5043 ln
389 4996 486 5044 selectis
503 5008 534 5044 ex
550 4995 658 5044 historia
679 4994 782 5043 iicnrlci
827 4998 921 5052 spausc
940 4990 998 5048 pag.
1017 4983 1073 5037 481.
1097 4982 1222 5034 44444444
1247 4987 1318 5034 wion
1345 4989 1407 5035 44444.
1432 4984 1458 5035 4.
1486 4981 1548 5043 itam

53 5071 157 5128 sancti,
177 5071 337 5132 argentorati
356 5066 435 5128 4744,
451 5067 476 5118 4.
493 5075 543 5120 etc.
668 5094 671 5099 -
828 5065 899 5113 vitas
919 5071 976 5122 pss-
992 5059 1048 5110 468.
