3458 5332
384 367 389 377 .
515 320 520 329 ·
611 267 907 379 44444444
1440 319 1500 384 ess

142 420 385 497 loncordautias,
403 421 483 501 quod
509 422 557 483 ille
582 438 735 485 annorum
786 422 979 486 0444444144
1005 419 1195 484 Aristotelis:
1225 423 1269 482 444
1287 419 1424 486 1414444444
1444 428 1500 487 Bc-

142 533 151 576 4
176 517 272 594 spatio
294 516 429 595 perfecit.
457 517 563 578 Narrat
576 516 650 578 haee
673 516 730 577 40-
784 517 1010 580 44444444444444
1021 515 1194 581 interdiciti:
1212 517 1254 578 444
1260 519 1429 600 praeceptis
1440 520 1497 581 Bc-

142 608 731 685 62416064416615,6444οοὶ44444
783 609 891 673 4144444
911 627 948 671 oc
976 611 1102 672 44444444
1127 608 1357 689 heornelinum
1372 613 1502 696 officium

146 702 206 779 ,in
222 700 307 762 Actis
334 703 456 768 Consilii
480 704 684 777 Basileensis,
706 703 733 778 c)
782 704 895 767 Missae
922 704 960 766 ad
980 704 1245 784 Archiepiscopum
1269 705 1496 767 coloniensem:

142 812 152 856 e
179 796 335 856 interfuit:
361 796 442 857 unde
464 796 576 858 iactum
600 801 635 857 ut
661 794 730 856 huic
786 799 899 862 Contra
913 795 1287 878 44444414444444444441444,
1301 797 1414 860 Contra
1422 800 1501 859 llos-

151 879 387 953 Concordantiae
404 905 514 952 vocum
538 888 731 950 indeclinabi-
782 890 858 952 41444
879 893 1028 953 4444444444
1046 891 1088 952 De
1107 890 1308 972 4444144464,
1329 890 1448 971 jeiunio
1475 897 1505 951 et

143 982 275 1044 buantur
288 983 366 1062 apud
392 983 546 1045 Nicolaum
562 983 728 1045 Antonium
784 985 925 1060 oratione·
941 983 1071 1066 itepide,
1087 1001 1139 1064 444
1154 990 1184 1046 44
1194 980 1351 1046 4444444444
1362 984 1406 1046 De
1426 1001 1502 1065 444-

144 1122 152 1138 .
177 1077 376 1139 Bibliothecae
392 1078 506 1139 veteris
529 1078 677 1156 Hispanae
701 1093 729 1156 p.
786 1083 855 1139 4444
871 1076 1034 1139 nantinus
1055 1075 1272 1139 cardinalibus:
1295 1077 1338 1139 Be
1357 1075 1501 1154 44644444,

142 1189 177 1249 eq.
196 1178 227 1231 et
240 1171 278 1232 ab
294 1172 467 1249 llottingero
488 1170 516 1246 dl
535 1176 653 1249 praeter
666 1187 732 1231 rem
786 1172 1027 1234 etsermonasad
1042 1172 1196 1252 populum.
1459 1170 1462 1182 ⁴

142 1283 154 1324 r
180 1263 342 1325 editionem
366 1264 580 1325 Frobenianam
604 1264 734 1326 Concor·
826 1264 1027 1330 cannabus
1057 1268 1094 1327 ll.
1118 1266 1288 1345 Episcopus
1309 1264 1506 1328 Hildesiensir

142 1356 735 1436 444414444469,44444444444444ο1444-
787 1359 826 1421 ab
851 1359 939 1421 huno
967 1361 1042 1422 4224
1074 1358 1111 1420 ad
1130 1359 1210 1420 4218
1234 1357 1323 1435 cujus
1344 1360 1504 1421 8444444444

142 1451 285 1528 Secubia,
307 1468 367 1529 quo
387 1456 522 1529 tempore
543 1447 731 1530 0441444441-
785 1455 1013 1532 Byseugrenius
1025 1470 1090 1534 pag.
1106 1452 1504 1530 il0,etPossevinusaom-

142 1561 183 1605 em
201 1545 323 1605 obierat.
349 1590 352 1595 .
786 1553 964 1609 memorant

142 1637 731 1717 »temporeeapitalibrorurnBiblicorum
824 1639 843 1679 *
862 1639 949 1702 Alter
963 1638 1001 1701 ab
1018 1641 1075 1701 isto
1092 1641 1149 1702 init
1165 1638 1326 1702 conradus
1344 1637 1384 1699 do
1404 1637 1507 1700 hilde-

142 1735 300 1793 nminutos
312 1734 479 1794 versiculos
489 1732 731 1811 distingui,ver
785 1733 913 1812 shapm,
930 1733 968 1795 de
988 1752 1049 1812 quo
1068 1731 1205 1796 Andreas
1225 1731 1453 1794 Batisbonensis
1474 1733 1505 1793 in

148 1827 283 1886 numeris
304 1828 399 1886 notari
416 1826 576 1888 utilissimo
592 1827 731 1889 instituto
783 1827 922 1888 chronico
941 1826 984 1888 ad·
1000 1844 1047 1888 an.
1070 1827 1147 1889 4109
1165 1827 1219 1887 his
1230 1827 1346 1888 verbis:
1366 1823 1509 1888 4411444444

142 1927 196 1998 int,
206 1937 265 1980 non
280 1921 472 1998 perfectiores
486 1919 574 1980 modo
585 1919 732 1999 pleniore-
784 1920 1018 1999 (Batisbonansis
1029 1920 1204 1999 Episcopus)
1227 1918 1413 1999 perpendens
1429 1919 1510 1999 qnod

142 2012 186 2074 red
202 2013 240 2074 ad
256 2030 345 2074 usurn
361 2030 480 2091 quoque
497 2012 584 2091 longe
601 2029 732 2074 eommo-
784 2014 929 2094 144414444
946 2013 1106 2078 conradus
1120 2011 1156 2072 de
1167 2010 1361 2092 [4144444444
1378 2011 1509 2073 1444444444-

142 2106 493 2169 loncordantiasLatinas
510 2107 730 2186 nominumap·
785 2113 833 2170 4444
854 2110 1049 2187 discretorum
1072 2103 1234 2188 4444464444·
1259 2109 1289 2166 44
1308 2092 1509 2186 0444464444

142 2216 227 2261 orum
244 2203 502 2280 propriorumque,
519 2199 680 2261 verborum
692 2204 732 2273 et,
786 2195 1377 2282 8.(444441144444444444444441444444
1389 2197 1512 2278 44414444

142 2310 231 2353 arum
258 2293 403 2354 debemus
422 2288 548 2354 lieberto
569 2290 716 2373 Stephano
722 2336 731 2368 ,
786 2294 897 2357 41441444
912 2293 1061 2376 pecnnia,
1083 2309 1177 2373 444444
1195 2310 1217 2353 4
1236 2291 1360 2352 Domino
1389 2306 1510 2369 444444-

142 2389 248 2447 ’arisiis
267 2389 363 2462 4565,
384 2388 433 2448 141.
454 2403 530 2465 quas
554 2387 618 2465 ipse
640 2401 734 2447 novas
787 2394 840 2448 444
859 2388 890 2449 in
908 2386 1050 2463 Sudnrio,
1068 2387 1120 2448 444
1134 2392 1179 2449 444
1188 2402 1248 2467 per
1261 2389 1345 2447 444444
1358 2382 1437 2444 dona
1450 2380 1510 2445 snb

142 2496 195 2541 »res
208 2497 268 2540 non
284 2480 357 2541 lalso
371 2480 458 2546 titulo
470 2485 566 2540 vocat.
578 2481 732 2559 hepatitae
788 2482 855 2543 4444
869 2481 941 2544 lenti
958 2481 1092 2564 corporis
1123 2478 1306 2542 4644444444
1332 2475 1439 2553 441144,
1461 2493 1510 2536 44-

148 2572 228 2652 apud
248 2573 415 2634 iohannem
437 2574 630 2651 Herwagium
651 2574 734 2635 Basi·
787 2575 903 2640 dinavit
930 2582 966 2638 44
994 2576 1105 2657 4444444
1124 2577 1155 2638 in
1174 2576 1249 2658 44444
1279 2572 1458 2637 4444444144
1478 2569 1511 2632 in

142 2667 190 2741 64,
207 2673 239 2727 44
252 2674 378 2729 curante
391 2666 516 2746 6444414
528 2663 734 2727 4446444444-
785 2669 859 2731 4414
878 2687 937 2732 suo
955 2667 1127 2752 Episcopoli
1145 2669 1227 2751 qnod
1247 2675 1275 2730 44
1293 2667 1408 2750 suetam
1429 2671 1482 2727 est.

142 2760 229 2835 4567,
245 2760 343 2835 4572,
364 2762 442 2823 4599
457 2767 488 2822 44
508 2763 590 2839 typis
608 2759 735 2830 Weehe·
831 2759 1507 2842 GONBADUSHirsaupiensis,lionachusOr·

142 2853 221 2914 1600.
244 2854 411 2914 61114601.
435 2855 523 2915 iiiii·
552 2853 745 2915 Francoiurii
793 2859 871 2921 dinis
886 2858 1090 2934 Benedictini,
1113 2859 1264 2937 Spirensis
1285 2857 1431 2917 dioecesis
1451 2856 1510 2914 cir-

143 2948 282 3010 Coloniae
310 2947 408 3026 1663,
436 2947 485 3008 fol·
514 2963 552 3007 ne
577 2946 673 3009 dicam
700 2945 739 3007 de
792 2952 964 3015 cahnnum
985 2937 1083 3028 4490,
1105 2953 1225 3030 scripsit
1246 2951 1409 3011 Trithemio
1428 2955 1513 3009 teste

142 3059 148 3101 r
168 3040 321 3102 Benedicti
332 3059 404 3103 cura
421 3042 512 3105 Paris.
530 3041 629 3118 4662,
646 3045 677 3100 44
700 3056 739 3100 ex
789 3048 857 3124 hap.
876 3048 954 3119 384,
971 3046 1008 3106 de
1026 3048 1056 3106 s.
1074 3047 1108 3106 Ε,
1126 3061 1247 3105 carmen
1262 3042 1297 3105 de
1313 3046 1344 3106 s.
1358 3040 1510 3102 Benedicta

142 3137 236 3196 stione
257 3134 417 3196 Francisoi
448 3136 547 3196 Lucae
576 3131 740 3211 Brnpensis
795 3135 950 3216 unditus,
965 3138 1045 3217 quod
1059 3140 1182 3216 incipit-z
1197 3136 1274 3198 Luce
1287 3134 1369 3197 44444
1379 3133 1507 3194 heodem.

144 3231 225 3308 rpiae
251 3228 337 3291 4642.
375 3229 510 3289 Venetiis
532 3227 629 3301 1646,
649 3227 744 3287 Paris
795 3227 954 3312 8444414444
969 3229 1220 3311 44441444114444
1235 3234 1303 3289 octo
1326 3226 1509 3304 dialogorum

156 3324 242 3384 4646.
260 3321 346 3381 Petri
367 3319 403 3382 de
421 3322 511 3382 444444
528 3319 637 3379 ibidem
655 3318 742 3380 4644.
797 3327 876 3386 inter
891 3327 1084 3404 Peregrinum
1100 3324 1314 3400 Presbyterum
1330 3326 1362 3383 ot
1376 3319 1512 3380 Theodo-

142 3415 159 3476 :i
174 3413 524 3494 Piotesinihntwerpiae
542 3412 695 3487 4614144.
712 3418 744 3473 44
796 3430 860 3480 ram
883 3420 944 3481 Deo
969 3425 1116 3480 4444444444
1145 3417 1307 3495 Virginem.
1335 3409 1515 3476 4444444414-

142 3509 178 3571 *it
200 3509 235 3569 de
255 3511 406 3585 Zcmora,
428 3509 480 3586 qui
505 3505 683 3586 particulas,
707 3511 743 3565 ut
795 3513 899 3591 44444,
915 3510 1128 3587 videreuidere,
1152 3511 1189 3571 In
1204 3505 1370 3587 4444444114
1386 3522 1445 3587 444
1458 3522 1514 3565 orr-

144 3604 338 3679 nvariabiles,
355 3619 373 3663 4
393 3601 564 3662 nominibus
585 3599 744 3677 verbisque
794 3623 887 3683 num,
903 3609 945 3667 De
957 3607 1022 3669 vita
1037 3605 1164 3686 spiritus
1180 3610 1209 3666 et
1219 3600 1326 3686 [44444
1337 3600 1454 3663 mortis.
1470 3601 1513 3661 444

142 3696 220 3758 libus
235 3694 396 3773 sejunctim
412 3690 506 3756 edidit
522 3695 632 3756 Romae
653 3689 740 3755 4627.
796 3688 914 3751 dorico
928 3693 958 3750 44
973 3687 1060 3757 44444.

145 3835 152 3848 .
837 3779 1041 3845 GONBABUS
1061 3777 1180 3841 Koeliin
1199 3777 1371 3848 Ulmensis,
1391 3775 1516 3839 Ordinis

142 3881 267 3944 BABUS
281 3884 400 3944 44444444
416 3880 620 3955 casselensis,
635 3894 744 3958 cogno·
797 3875 1038 3938 Praedicatorum
1055 3873 1208 3945 Coloniae,
1221 3873 1253 3932 B.
1269 3868 1392 3930 Lutheri
1405 3866 1513 3928 adver-

157 3975 439 4052 annihilator
469 3971 742 4035 Francoiordiensis
797 3971 912 4046 sarius,
939 3968 1101 4029 defunctus
1124 3963 1181 4026 An.
1205 3964 1284 4024 4596
1315 3959 1432 4058 dequo
1461 3975 1514 4037 ap

142 4071 182 4131 iae
207 4072 285 4131 circa
299 4068 423 4130 Annum
441 4069 520 4130 4195
541 4084 559 4128 4
577 4065 742 4134 Trithemio
797 4063 908 4149 pendis
921 4060 959 4124 ad
970 4059 1170 4122 Trithemium
1182 4103 1189 4134 ,
1201 4052 1513 4115 lohannesCoohleus

144 4164 279 4243 ptoribus
295 4163 481 4224 Germanicis
495 4168 526 4223 et
542 4179 560 4222 a
579 4159 743 4222 Possevino
799 4145 1514 4221 144441414414441464444444523,[41414444

142 4275 161 4318 r
183 4259 342 4336 scripsisse
365 4255 397 4317 in
419 4255 614 4332 Psclterinm,
636 4270 745 4319 secun·
798 4259 870 4312 tom.
889 4251 924 4312 ll.
941 4249 979 4310 de
995 4249 1028 4311 S.
1043 4248 1079 4310 E.
1094 4260 1161 4326 pag.
1176 4235 1512 4318 231,.416441110116441

141 4350 333 4431 radruplicem
345 4353 560 4430 expositionem
569 4370 575 4410 :
583 4349 613 4409 in
619 4347 745 4412 Cantica
799 4362 900 4408 meum
912 4344 1117 4406 Luiheranum
1128 4356 1159 4418 p.
1171 4339 1240 4399 698.
1246 4335 1373 4414 Scripsit
1383 4335 1414 4393 in
1425 4333 1514 4393 Sum·

142 4442 424 4525 nnnetaptstolns
436 4442 607 4506 Cononieos
621 4461 627 4500 :
640 4445 746 4503 Lectu·
798 4457 879 4500 mam
894 4439 926 4501 S.
955 4435 1098 4510 Thomas,
1122 4428 1298 4510 Quodlibeta
1315 4425 1436 4490 XXVII.
1461 4441 1515 4502 per

142 4538 312 4599 ohoatamin
322 4536 529 4618 Apocalypsin:
540 4535 571 4596 in
580 4531 744 4612 Boonpelio
801 4534 923 4595 modurn
950 4531 1079 4610 Dialogi,
1104 4526 1301 4589 Eversionem
1329 4517 1512 4599 epithalamii

142 4630 290 4712 :tntisper
306 4631 387 4692 Anni
402 4628 575 4695 Cironium:
591 4632 746 4690 Praeterea
800 4627 962 4691 Lutherani
984 4631 1041 4686 etc.
1067 4621 1142 4683 Vide
1167 4617 1312 4680 iacobum
1337 4609 1513 4677 Echardum

151 4722 244 4786 libros
266 4726 500 4800 sententiarum,
529 4723 565 4783 in
586 4719 693 4782 Etiico
717 4723 746 4780 44
801 4729 882 4783 torno
899 4722 935 4781 ll.
951 4736 1017 4799 pag.
1037 4716 1105 4777 400.

309 4825 312 4829 ’
841 4811 1043 4877 consinus
1055 4802 1339 4885 hantenberpensis,
1355 4800 1516 4864 41444444

142 4951 228 5004 neonus
246 4953 398 5013 mmm
425 4957 435 5003 Ι
470 4934 591 5015 ww
616 4962 670 5013 Μ,
805 4880 1518 4999 4144444144444Η44444’84444444,8.44444

142 5027 302 5081 ,protem
319 4988 499 5092 ,mpimhp
515 4987 573 5090 „5
590 4987 643 5076 in,
736 5073 741 5081 ,
804 4999 967 5065 Monachus
987 4995 1220 5078 etPresbyter,
1246 4997 1350 5057 auctor
1377 4983 1516 5066 04414444
