3458 5332
148 482 153 518 ι
169 476 235 540 pag.
257 458 326 520 8³2.
349 453 554 532 0444444444,
572 454 691 533 Alegrio
709 472 774 535 pag.
832 455 880 514 nis
897 453 1023 516 Shenaei
1046 455 1163 534 legibus
1180 458 1334 521 veteribus
1352 461 1495 535 Sooticis‚
1514 461 1552 522 do

148 549 344 626 summes,
359 550 522 613 carmelita
538 556 570 610 et
587 551 617 608 in
636 549 777 610 Hibernia
831 565 891 625 quo
908 548 982 609 libro
999 547 1114 610 dictum
1130 557 1203 610 tom.
1219 553 1245 611 4.
1264 567 1292 629 p.
1311 553 1369 613 464
1386 553 1466 614 edito
1486 553 1550 616 44-

148 663 221 727 opus
247 647 477 720 Dromorensis‚
506 644 671 706 defunctus
697 645 776 704 circa
831 642 907 721 glice
930 644 1062 722 primum
1092 643 1259 723 Edinhurgi
1288 645 1366 706 4649
1392 653 1425 706 et
1448 648 1552 709 Latine

148 759 178 805 nr
197 741 277 805 4449
730 772 735 781 ,
831 735 957 797 londini
975 738 1072 814 4643,
1094 738 1142 798 444.
1157 737 1282 813 444444,
1301 740 1326 799 si
1343 738 1462 818 placet,
1478 739 1552 801 Wil-

148 836 213 899 444)
225 834 262 895 de
279 834 427 910 illimato,
442 835 494 914 qui
515 835 627 895 citatur
644 833 674 892 in
691 849 776 895 4444-
830 829 922 891 helmi
950 831 1098 893 4444444444
1125 831 1340 895 Bibliothecam
1365 834 1546 912 scriptorum

148 930 396 1006 massagetes
410 934 502 988 notus
518 926 775 1000 444444446464,
831 923 949 985 Scotiae
959 940 1025 1004 pag.
1042 925 1111 1003 466,
1128 942 1192 1004 seq.
1210 931 1243 987 et
1256 941 1335 1003 quae
1353 926 1431 985 inira
1444 927 1474 986 in
1487 926 1550 987 444-

147 1021 339 1094 mutaret,
355 1019 551 1082 Curnotensis
565 1065 573 1097 ,
588 1018 776 1098 discipulus,
833 1016 983 1079 h'ULPHO
999 1016 1035 1079 de
1049 1016 1209 1079 dienvilla.
1409 1036 1412 1041 ·

147 1115 199 1196 iao
218 1114 370 1176 erroribus
380 1115 541 1177 Caesarius
552 1113 779 1175 heisterbacen·
873 1108 991 1173 DAVll)
1007 1113 1132 1189 Scauro,
1150 1128 1242 1191 (ruem
1261 1113 1440 1194 wirciburgi
1464 1115 1550 1175 scho-

147 1208 282 1286 .Dialog.
300 1224 326 1269 r.
356 1208 395 1269 44
419 1205 513 1284 hujus
537 1207 628 1266 libros
656 1207 777 1269 Davidis
834 1206 879 1266 las
892 1212 1049 1285 regentm
1059 1206 1207 1267 henricus
1217 1206 1252 1266 V.
1267 1206 1482 1285 cappellanum
1494 1208 1550 1268 sihi

147 1310 216 1366 atos
232 1307 264 1363 44
285 1308 412 1364 exustos
439 1307 586 1362 testatus:
609 1300 777 1363 Concilium
832 1300 999 1376 assumsit,
1025 1300 1194 1378 Episcopus
1222 1297 1291 1360 4444
1308 1300 1549 1376 944444444444,

148 1412 224 1458 ense
245 1394 303 1457 44.
328 1395 417 1457 4449.
442 1393 625 1469 4444444444
644 1394 777 1456 martene
833 1392 899 1451 sive
915 1393 1134 1470 Bangorensis,
1150 1390 1189 1453 de
1204 1406 1267 1471 quo
1282 1393 1393 1454 Baleus
1407 1394 1493 1472 4444,
1512 1394 1551 1456 47

148 1490 197 1551 44.
217 1486 440 1550 444444444444
458 1503 523 1565 pag.
542 1488 623 1563 463,
640 1480 714 1549 466.
729 1489 777 1548 Bi·
827 1490 859 1544 et
873 1484 1021 1564 Georgius
1046 1483 1217 1546 4444444444
1245 1491 1317 1547 tom.
1340 1488 1352 1547 4
1370 1530 1377 1560 ,
1394 1490 1494 1566 operis
1512 1487 1550 1549 de

147 1597 207 1644 cca
224 1583 346 1643 Petrum
363 1581 434 1641 edit.
453 1579 545 1659 Lugd.
563 1586 635 1640 torn.
652 1580 691 1640 46
708 1597 774 1661 pag.
829 1578 902 1637 vitis
918 1579 1098 1657 scriptorum
1113 1579 1244 1640 nationis
1261 1580 1473 1661 scoticaepag.
1490 1582 1548 1644 499

160 1677 194 1737 F.
210 1673 377 1736 Concilium
395 1675 596 1734 [4444444444
612 1672 670 1734 44.
687 1675 775 1735 tata.
829 1687 892 1748 seq.
918 1672 1048 1751 Scripsit
1075 1672 1160 1748 iter,
1188 1675 1255 1735 sive
1279 1672 1478 1755 expeditionis
1504 1690 1549 1738 se·

147 1768 205 1831 dus
222 1768 260 1829 44
276 1768 399 1829 Annum
422 1767 500 1828 4499
516 1782 581 1845 pag.
596 1767 656 1827 208
676 1767 706 1827 44
723 1769 776 1828 Po·
829 1763 915 1842 44444,
929 1781 1020 1843 quarn
1035 1766 1200 1846 Imperator
1215 1768 1364 1829 hienricus
1373 1768 1407 1829 V.
1418 1771 1545 1831 44444444

147 1862 229 1923 thoei
246 1860 385 1923 undecim
402 1859 616 1939 scriptoribus:
634 1861 665 1921 S.
681 1861 777 1921 Anto·
830 1861 966 1938 snsoepit
982 1858 1131 1921 adversus
1147 1861 1321 1922 Paschalcm
1339 1863 1373 1922 44.
1389 1861 1445 1923 44.
1459 1864 1548 1937 4449,

146 1973 152 2015 i
176 1962 249 2016 tom.
271 1956 300 2015 3.
317 1953 533 2016 Chronicorum
547 1969 612 2033 pag.
629 1953 669 2013 94
684 1969 777 2033 supra
830 1968 876 2031 sq.
893 1951 947 2014 sad
963 1952 1066 2032 Judice
1092 1952 1254 2014 wilhelmo
1283 1954 1543 2017 hiaimeshuriensi

146 2046 311 2115 4444444440
335 2053 407 2108 tom.
436 2049 464 2107 4.
482 2063 547 2124 pag.
572 2045 621 2105 67.
646 2045 776 2109 Bulaeus
830 2045 878 2106 lib.
893 2046 927 2106 V.
942 2062 971 2124 p.
990 2046 1048 2108 466
1064 2047 1186 2127 scripsit
1200 2045 1297 2126 mugio
1313 2047 1346 2106 in
1359 2048 1447 2126 Regis
1471 2064 1546 2127 gro·

156 2144 177 2205 3
209 2141 351 2201 historiae
378 2139 583 2200 hccademiae.
600 2141 776 2202 Parisicnsis
830 2139 903 2200 tiam
919 2139 1211 2220 qrtom'lii'storioum
1227 2139 1363 2201 deceret:
1379 2147 1411 2201 et
1423 2158 1484 2200 non
1495 2142 1548 2202 444-

146 2236 194 2313 44,
211 2251 275 2313 seq.
294 2241 326 2294 et
343 2235 391 2295 48.
407 2231 587 2311 Spondanus
603 2233 641 2295 ad
653 2233 775 2295 444444
829 2230 1024 2310 4444444444
1033 2234 1262 2314 Panegyricum.
1274 2236 1397 2296 Praeter
1407 2234 1464 2296 hoc
1474 2237 1549 2297 scri-

148 2347 241 2406 pum.
270 2327 322 2404 47,
344 2345 407 2406 seq.
431 2328 562 2388 Bzovius
588 2326 626 2387 ad
651 2327 775 2389 444444
831 2334 940 2406 ptum,
961 2327 1041 2406 quod
1058 2344 1151 2390 44444
1167 2333 1325 2390 exaratum
1342 2327 1429 2407 ajunt
1445 2328 1547 2390 adhuc

155 2441 186 2485 n.
204 2423 262 2492 444,
278 2428 335 2484 eto.
395 2475 398 2481 ,
445 2457 449 2464 -
831 2436 992 2501 superesse
1008 2423 1038 2480 in
1048 2421 1196 2483 Caesarea
1209 2421 1401 2498 Bibliotheca,
1412 2420 1551 2484 44444444-

148 2519 214 2579 444)
239 2515 429 2595 Morgentia,
447 2515 536 2576 Baleo
548 2515 636 2590 4444,
655 2517 702 2578 44.
719 2517 776 2577 444·
829 2516 895 2576 4444
909 2532 975 2594 pag.
993 2515 1051 2577 449
1064 2514 1156 2576 tradit
1172 2516 1210 2577 ab
1224 2516 1281 2578 hoc
1296 2516 1411 2579 Doride
1425 2532 1546 2596 compo,-

146 2610 340 2687 4444444444,
358 2611 429 2689 quia
446 2609 598 2671 Ecclesiae
614 2610 775 2689 Episcopa·
829 2610 922 2670 situm
944 2610 1036 2672 etiarn
1060 2610 1153 2671 luisse
1178 2610 1398 2691 Panegyricum
1420 2607 1547 2672 Heorr'ci

146 2705 325 2781 4444444444,
337 2706 404 2764 sive
416 2708 450 2764 ut
462 2701 612 2764 lelandus
627 2718 692 2782 cap
707 2702 775 2764 474.
833 2704 863 2763 V.
896 2702 1036 2765 versibus
1057 2703 1202 2779 heroicis,
1230 2702 1360 2785 indeque
1390 2708 1546 2767 auctorem
1678 2762 1680 2767 ,

146 2794 308 2874 aldoenus,
337 2799 368 2857 44
395 2793 533 2859 Cambria
555 2795 775 2858 Thesaurarius
828 2794 896 2877 rius
916 2813 975 2857 non
1004 2796 1232 2877 historiographi
1249 2804 1369 2860 tantum
1383 2800 1546 2879 imperato·

146 2895 209 2954 irca
227 2892 351 2953 Annum
368 2891 455 2951 4484.
470 2890 597 2969 Scripsit
607 2886 776 2970 dmi'qnito
829 2890 879 2965 444,
894 2904 1003 2952 verum
1017 2892 1125 2953 Poetae
1142 2893 1233 2953 etiam
1248 2892 1374 2955 laureati
1389 2894 1485 2973 elogio
1498 2910 1546 2955 or-

146 2982 285 3046 omhriae
301 2991 332 3045 et
352 2982 584 3062 descriptionem
601 2981 688 3062 ejus,
709 2984 775 3044 sive
831 2988 935 3045 natum
957 2984 1059 3045 tuisse.
1089 2983 1148 3045 Sed
1175 2987 1282 3065 prioris
1301 2992 1421 3049 tantum
1449 2984 1548 3067 operis

146 3077 300 3158 4444444,
328 3085 363 3136 44
387 3092 425 3136 ex
453 3074 559 3135 eodem
576 3077 665 3137 Baleo
691 3093 777 3156 repe-
830 3076 968 3135 meminit
984 3076 1142 3139 conradus
1157 3094 1175 3138 4
1192 3077 1366 3150 4444444444,
1382 3078 1549 3140 hhbasUr·

145 3172 263 3233 lossius
279 3185 345 3247 pag.
364 3168 423 3228 636
439 3173 472 3229 44
489 3169 608 3229 Pitseus
623 3184 688 3246 pag.
705 3169 774 3229 669.
830 3170 1004 3249 spergensis'
1016 3186 1082 3250 pag.
1095 3171 1154 3232 464
1168 3169 1217 3229 uhi
1232 3167 1331 3232 tribio
1345 3168 1546 3233 4644444444-

145 3259 414 3341 .v11)0bngoeus‚
438 3260 610 3335 Hibernas,
633 3262 776 3323 Carmeli·
830 3267 913 3321 ctum
942 3261 1036 3322 tuisse
1052 3268 1193 3325 testatur.
1214 3261 1300 3335 Quod
1318 3272 1421 3326 autem
1443 3263 1550 3344 Apulo·

145 3357 372 3418 rProvincialis
389 3357 468 3417 circa
490 3353 613 3415 444444
640 3353 718 3415 idio
739 3352 777 3414 44
828 3353 912 3432 giam
925 3357 1017 3416 etiarn
1033 3355 1076 3417 od
1089 3356 1265 3441 Caesarem,
1283 3364 1315 3417 et
1331 3356 1368 3419 de
1385 3357 1549 3436 Magistro

145 3452 222 3513 >lura
244 3449 322 3512 idern
339 3449 449 3512 Baleus
463 3447 542 3523 xlv,
558 3447 607 3509 92.
624 3447 778 3527 Theologi-
832 3452 917 3509 teum
933 3448 1120 3528 insignibus,
1138 3458 1170 3512 44
1190 3450 1227 3512 de
1252 3456 1345 3532 reguo
1372 3454 1548 3531 sconiam,

145 3544 239 3606 locuit
265 3545 399 3607 0444444
426 3545 579 3623 primum,
609 3539 719 3601 deinde
746 3541 777 3600 44
832 3542 941 3604 librum
957 3545 1116 3624 scripsisse
1131 3547 1277 3625 referunt,
1296 3547 1324 3609 id
1345 3548 1426 3610 444444
1442 3548 1501 3611 ilde
1512 3550 1550 3612 ab

145 3639 217 3700 ania
233 3638 391 3714 Treveris,
408 3638 438 3696 44
456 3635 553 3715 patria
566 3634 706 3696 Hibernia
725 3633 779 3694 dc-
831 3634 889 3695 illis
910 3636 974 3698 lieri
990 3642 1141 3702 existimo.
1578 3675 1587 3685 -

145 3750 169 3803 e,
187 3728 237 3792 ubi
256 3731 284 3788 44
307 3729 455 3792 Coenohio
480 3727 670 3806 Kyldariensi
696 3725 776 3788 diem
872 3727 990 3792 444444)
1006 3731 1169 3812 rovensis,
1187 3750 1296 3813 supra,
1313 3734 1414 3799 David
1429 3739 1549 3818 iterpu-

145 3839 332 3903 supremum.
351 3824 467 3902 Scripta
484 3820 651 3899 ejuslialeo
663 3836 777 3881 memo·
832 3823 909 3886 4444.

145 3961 152 3994 ,
182 3919 342 3980 senones
374 3913 417 3975 od
447 3912 598 3989 0444444,
626 3910 778 4003 44444444
871 3916 990 3980 4444444
1004 3919 1190 3997 teutonicae,
1209 3938 1310 4001 snpra,
1330 3923 1430 3985 David
1441 3923 1549 3986 4444-

145 4010 392 4073 l1.oddioersoe.
412 4005 781 4095 Propositioneodirpttlo·
829 4016 932 4093 94444.
1363 4022 1367 4033 ·

144 4102 504 4183 iectioueslTrevirenoes.
531 4099 663 4181 44494444
685 4116 780 4185 prm
870 4102 1002 4168 4444444
1024 4108 1139 4171 nach.
1156 4107 1236 4168 lnlra
1249 4152 1256 4182 ‚
1271 4106 1404 4171 nuum
1421 4108 1529 4172 DEZA.

145 4197 235 4273 ieris,
253 4202 285 4258 44
302 4197 448 4275 scriptum
463 4200 570 4257 contin
585 4192 779 4257 Gerhordm
871 4198 1003 4281 diupoleos
1030 4200 1297 4277 uscuusaltJS,
1314 4200 1418 4265 Oberti
1447 4202 1548 4278 illius,

144 4291 296 4367 44444444,
329 4288 509 4350 Generalem
545 4288 778 4353 carmelitarum
832 4294 911 4355 Petri
928 4294 1180 4371 meditulium,
1202 4295 1298 4373 patria
1323 4294 1549 4376 Vigiebanensis

144 4403 201 4462 444,
222 4385 274 4463 qui
295 4383 475 4445 carmelitae
491 4385 521 4442 in
537 4383 646 4463 hoglia
660 4381 780 4445 4444444
833 4386 1003 4469 (vigevano)
1022 4391 1051 4449 in
1068 4388 1181 4455 ducatu
1194 4389 1416 4466 Mediolanensi,
1429 4391 1549 4451 Ducum

144 4480 221 4540 nciis
237 4477 381 4556 distingui
403 4475 542 4552 volebat,
570 4492 691 4537 ornnem
717 4475 780 4537 Eu·
832 4481 1096 4546 4444444444444444
1117 4482 1155 4546 44
1171 4484 1285 4546 lulium
1302 4484 1339 4546 44.
1360 4482 1487 4558 Orator,
1508 4481 1551 4544 la·

144 4572 200 4647 44)
218 4570 427 4650 descripturus
441 4586 495 4648 per
511 4570 684 4631 Provincias
700 4570 752 4630 Xl.
833 4578 964 4640 tinarum
992 4578 1159 4640 litterarum
1176 4584 1208 4640 et
1228 4577 1338 4658 ingenii
1357 4574 1446 4639 laude
1471 4576 1549 4638 ceie-
1567 4624 1572 4634 .

144 4666 218 4728 ullu
232 4665 244 4724 l
260 4709 267 4741 ‚
284 4664 322 4724 ab
336 4662 393 4726 An.
411 4663 489 4725 llll
506 4661 545 4723 ad
565 4662 642 4723 tti3
667 4667 698 4721 el
714 4661 780 4722 ith-
832 4670 913 4746 bris,
930 4677 999 4750 post
1012 4669 1187 4732 Leunellum
1202 4672 1364 4732 Estensem
1381 4670 1547 4751 principem

144 4761 164 4822 44
180 4805 186 4835 ,
202 4759 240 4819 ab
263 4756 322 4819 ho.
340 4757 417 4818 ⁴329
434 4754 471 4818 ad
491 4754 579 4817 4379.
596 4754 693 4833 Reges
709 4754 779 4817 8⁶⁰·
828 4764 892 4843 jarn
908 4761 1085 4826 deiunctum
1099 4765 1150 4826 444
1170 4762 1304 4826 woanilo
1320 4762 1453 4826 Pontifici
1469 4766 1549 4827 circa

159 4869 289 4935 quorum
304 4853 399 4929 Leges
413 4851 518 4912 obviae
532 4856 606 4912 sunl
624 4850 653 4909 in
668 4848 779 4911 Johtn·
832 4856 954 4920 444444
974 4859 985 4919 4
998 4858 1052 4920 toa
1069 4859 1177 4920 obtulit
1193 4855 1408 4941 libros'scptem
1424 4857 1460 4923 de
1473 4857 1548 4941 poli-

145 5042 208 5116 4444
225 5065 352 5128 4444τί444
370 5075 427 5127 pag.
447 5064 503 5114 434.
528 5062 639 5114 rarenter
656 5058 782 5115 Carmelit.
814 5057 920 5112 decoris.

1286 5121 1325 5183 55
