3458 5332
655 330 954 393 4444444444
1496 338 1555 401 523

56 437 130 515 plius
145 436 298 498 Antonius
312 436 421 497 Sarius
438 436 475 497 do
491 436 601 497 studiis
623 438 776 499 litterariis
871 436 1025 519 Philippus
1052 437 1211 513 Ducitis,
1229 441 1360 501 Tristani
1383 445 1482 521 lilius,
1501 462 1555 506 ua·

55 529 319 611 liediolanenaiuui
336 545 404 607 pag.
423 529 490 591 104.
579 562 582 566 »
831 540 881 593 tus
898 533 954 592 hu.
974 532 1062 593 1454.
1080 530 1196 592 audivit
1210 534 1351 594 iasonem
1364 536 1507 615 llaynum
1518 556 1554 600 ac

89 622 248 685 0444444444
264 629 295 682 41
314 621 464 701 Epistulae
489 620 599 686 GLVll.
623 626 727 689 idstae
745 627 775 684 in
829 625 974 688 iacobum
1002 625 1040 685 de
1063 628 1175 699 Puteo,
1193 632 1224 687 ot
1237 628 1294 687 lus
1323 632 1487 709 utrumque
1501 631 1557 693 do-

55 716 251 778 Ambrosiam
266 715 498 794 Mediolanensi,
515 725 547 780 et
566 720 716 787 Bononiae
734 725 778 779 te-
830 721 893 781 euit
910 737 964 798 por
980 734 1078 780 annos
1093 721 1224 798 amplius
1240 722 1398 799 sexaginta
1416 724 1509 785 radis
1523 727 1556 787 in

54 818 99 872 sto
112 810 270 873 liabilouio
283 816 355 870 tom.
371 811 392 869 4.
408 814 504 873 musci
519 812 613 875 italici
627 829 694 892 pag.
707 811 776 874 197.
831 814 904 873 loeis
922 814 1042 884 ltaliae,
1059 813 1254 891 Galliaeque,
1267 820 1299 873 et
1317 813 1386 875 hinc
1404 815 1514 877 iterum
1525 818 1556 876 in

53 906 77 967 ll
93 904 207 985 quibus
223 905 325 965 Oratio
341 903 374 964 e'n
384 902 493 984 firme
514 903 632 966 h'scoloi
647 903 779 967 Pisanos
832 909 915 968 ltalia
930 906 1010 985 apud
1029 908 1170 980 Pisanos,
1187 923 1222 966 ac
1240 908 1329 968 Senis
1342 906 1473 986 denique
1484 922 1493 985 ς
1506 909 1557 971 nbi

54 1016 141 1059 versa
169 998 271 1059 ltaliae
294 997 349 1058 An
369 998 459 1059 4444.
482 998 591 1077 prodiit
606 999 664 1061 An.
689 997 776 1060 1734.
832 1001 1021 1080 octogenario
1045 999 1141 1077 major
1166 999 1247 1061 diem
1272 1001 1346 1061 ohiit
1369 1018 1557 1081 supremum.

53 1092 210 1157 ltediolani
227 1093 258 1151 in
272 1097 343 1152 tom.
362 1091 452 1153 444444.
473 1093 654 1172 scriptorum
674 1092 777 1154 ltaliae
833 1096 900 1173 lpse
917 1094 991 1155 haec
1011 1094 1050 1154 de
1067 1110 1100 1153 so
1117 1095 1148 1152 iu
1169 1093 1334 1172 epitaphio,
1352 1093 1434 1172 quod
1457 1101 1559 1156 exstat

54 1186 168 1247 clariss.
185 1185 347 1257 llumtorii.
834 1190 863 1248 iu
879 1188 988 1249 Tobiae
999 1187 1096 1248 Feudt
1108 1188 1314 1247 monumentis
1329 1188 1558 1265 sepulchrorum

93 1277 310 1341 commentarii
337 1274 416 1339 sotii
439 1276 584 1339 Caesaris
602 1279 682 1340 versi
699 1277 780 1339 ltali·
833 1287 892 1341 ete.
910 1280 998 1343 4644.
1016 1280 1066 1341 144.
1083 1296 1167 1341 num.
1182 1279 1376 1341 exiliter
1392 1280 1471 1359 apud
1485 1283 1559 1341 Pan·

58 1368 386 1450 ee‚a)adPhilippum
400 1372 521 1433 Mariam
536 1371 779 1448 l'tcetlomitem,
834 1373 1319 1452 444414444444136444444441444
1339 1372 1560 1454 Phils'ppnsDe
1613 1407 1617 1416 ·

57 1467 169 1527 Ducem
185 1462 304 1525 Medici.
835 1465 919 1542 eries,
936 1465 1002 1528 sr'ae
1013 1466 1050 1527 de
1064 1465 1182 1541 Decio,
1198 1468 1226 1543 a)
1240 1464 1488 1541 Mediolanensis,
1504 1469 1560 1529 Ju-

91 1555 225 1639 Phileppi
238 1556 333 1621 vitem
349 1558 442 1619 nimia
462 1556 599 1625 lhertato
620 1575 637 1621 a
657 1560 782 1621 Decem·
835 1557 1032 1622 riaconsultns
1050 1557 1163 1619 celebri
1176 1557 1263 1639 samo
1279 1558 1471 1621 notissimus:
1488 1577 1565 1623 eum.

60 1651 274 1730 brioscriptem
286 1650 479 1730 reprehendit
486 1654 593 1714 lovius
603 1670 633 1732 p
647 1652 694 1715 28.
706 1653 783 1730 eleg.
832 1651 968 1730 primurn
983 1652 1079 1712 1444444
1096 1650 1198 1714 Stadii
1210 1650 1241 1732 in
1256 1651 1332 1712 Jnre
1348 1652 1497 1714 canonico
1513 1652 1562 1715 vel

97 1745 114 1780 ⁸
135 1745 249 1807 Omisit
257 1743 411 1806 Fabricius
427 1744 563 1808 libellum
582 1746 708 1809 (4444411411
726 1747 783 1807 De·
838 1744 931 1811 Civili
955 1745 1099 1809 1444414444
1121 1745 1221 1821 Pisas,
1245 1744 1351 1821 Senis,
1370 1744 1559 1818 Florentiae,

60 1839 188 1899 cumbris
205 1836 242 1898 de
258 1834 495 1901 viridantem
512 1838 628 1900 ortium
651 1838 782 1901 thesemo
837 1838 979 1921 renone,
999 1837 1129 1917 Pupshe:
1144 1836 1263 1898 4444444444
1287 1837 1371 1898 ultra
1393 1843 1508 1899 44444144
1529 1838 1562 1899 in

59 1929 142 1993 rideas
157 1929 201 1993 ud
220 1930 358 1993 Thomosn
368 1931 550 2012 Freposiusn
561 1933 784 1995 4444446444-
838 1931 956 1994 Gallio:
971 1931 1098 2012 densique
1123 1935 1283 1992 revocatus
1311 1931 1342 1991 in
1369 1930 1492 1993 lintion
1519 1931 1560 1993 nh

60 2029 173 2091 4444444444
191 2029 281 2090 cuius
296 2029 397 2107 operis
413 2028 550 2089 notitiam
566 2025 720 2089 dehemus
734 2043 785 2086 ec·
839 2024 962 2089 encelso
985 2024 1225 2087 Florentinorum
1248 2022 1429 2103 liepiehlies,
1441 2028 1561 2104 posten-

65 2124 120 2185 diei
136 2124 244 2186 Latino
253 2122 314 2183 llS.
330 2119 566 2183 loeauihhoth.
581 2120 785 2183 laurinensis
840 2138 932 2201 quain
946 2117 1125 2201 stepeiidinns
1144 2117 1224 2179 mille
1249 2117 1480 2198 quiiiqentorum
1503 2136 1561 2179 ou-

94 2213 786 2295 visamPhilippici.vicecomitishiearahricio
839 2232 962 2277 reorum
988 2214 1020 2275 in
1040 2230 1120 2273 auro
1142 2230 1201 2291 pro
1227 2213 1354 2271 tectura
1380 2215 1557 2273 camerulae

61 2310 219 2373 indicatam
237 2307 331 2371 edidit
346 2308 529 2371 hiumtorins
547 2308 614 2368 Der.
625 2308 692 2369 ltal.
711 2314 784 2369 tom.
837 2309 958 2391 sitisset,
975 2307 1011 2369 de
1030 2312 1126 2367 4444444
1146 2306 1280 2385 supirans
1297 2303 1350 2365 hoc
1369 2302 1563 2385 sepulchrum

58 2406 123 2469 XX.
141 2405 222 2467 sieut
238 2410 269 2465 et
286 2403 325 2463 ibi
338 2402 451 2481 pariter
477 2402 594 2480 primus
622 2399 707 2462 dedit
736 2416 785 2463 res
838 2400 899 2463 sibi
908 2400 1062 2483 fabricari
1073 2398 1210 2475 curauit,
1224 2416 1262 2461 ne
1275 2397 1406 2479 posteris
1418 2394 1484 2459 suis
1497 2415 1564 2459 ere-

56 2503 156 2575 pessos
175 2495 337 2559 Froneiecs·
351 2491 494 2576 sfortiee.
839 2496 930 2557 deret.
949 2498 1069 2557 Praeter
1082 2492 1150 2572 ejus
1162 2494 1378 2554 commentaria
1397 2495 1427 2552 in
1451 2492 1562 2553 Decre-

91 2589 227 2653 04444444
245 2589 472 2663 DECEMBED,
489 2587 625 2649 anselmi
642 2586 737 2662 iilius,
754 2587 783 2664 h)
840 2589 935 2666 tales,
953 2593 1172 2666 lecturumque
1187 2589 1218 2648 ia
1242 2584 1361 2647 1444444444
1376 2584 1415 2647 de
1435 2583 1561 2667 priuile-

57 2684 164 2766 llngeli
181 2693 213 2745 et
241 2685 320 2745 l’etri
337 2681 465 2744 Candidi
489 2682 596 2756 Pater,
613 2680 782 2760 discipulus
837 2682 916 2760 piis,
932 2699 988 2745 nee
1002 2699 1062 2747 uon
1078 2684 1108 2742 io
1122 2679 1312 2759 apostorum
1328 2680 1434 2741 titulos
1449 2676 1483 2741 et
1504 2678 1564 2739 co-

56 2778 234 2843 llmanuelis
259 2777 471 2856 chrysolorae,
487 2773 568 2837 Petri
583 2774 622 2837 de
649 2773 782 2849 candia,
838 2774 913 2836 444444
928 2776 1129 2849 laminiana,
1143 2773 1384 2837 Commentaria:
1402 2778 1434 2832 et
1446 2770 1488 2833 ad
1498 2771 1566 2847 Bal-

55 2874 196 2954 llpiscopi
212 2871 406 2934 Novariensis
420 2872 490 2951 (qui
506 2876 609 2950 postea
621 2867 681 2931 An.
693 2870 782 2930 4409.
837 2870 910 2931 dnm
927 2867 1201 2946 additiones‚·'plus
1218 2865 1313 2927 semel
1334 2866 1468 2941 homae,
1487 2865 1564 2927 aas·

57 2969 133 3046 Papa
157 2963 329 3027 Alexander
343 2965 396 3039 1.)
413 2980 431 3026 a
448 2956 588 3024 secretis:
604 2962 726 3041 scripsit
743 2960 783 3021 ad
836 2964 915 3043 poli,
932 2964 1067 3025 venetiis
1082 2977 1118 3023 ae
1136 2959 1271 3039 Lugduni
1290 2961 1372 3039 typis
1388 2958 1562 3037 emeripu.

54 3062 204 3123 loannem
214 3059 337 3119 llariam
349 3058 563 3118 vicecomitem
576 3099 583 3129 ,
598 3056 712 3119 Ducem
722 3056 784 3117 lle-
837 3056 1029 3119 celebrantur
1040 3056 1138 3132 ipsi-us
1150 3048 1424 3113 Consiliornmlihri
1432 3056 1564 3127 quatuor

58 3155 285 3225 helenensem,
302 3146 390 3226 eujus
406 3148 509 3210 itidem
525 3149 564 3209 ab
579 3149 630 3209 illo
647 3155 783 3226 temporo
837 3149 909 3211 editi
921 3165 993 3209 cum
1010 3146 1108 3217 Caroli
1135 3145 1270 3223 llolinaoi
1287 3144 1319 3219 b)
1342 3140 1564 3215 additionibus,

58 3246 257 3311 meramnum
272 3244 386 3321 gessit,
403 3239 497 3303 libros
516 3246 650 3320 4444444444
665 3238 704 3316 de
728 3240 784 3303 lte-
838 3242 931 3320 lugd.
959 3242 1047 3303 4666.
1070 3243 1106 3301 ‘in
1128 3237 1240 3317 quihus
1255 3244 1287 3298 ct
1313 3236 1481 3317 consilium
1504 3250 1563 3317 prs

55 3339 197 3422 publico:
213 3343 245 3397 et
262 3332 375 3397 librum
395 3332 432 3395 de
448 3333 593 3397 Modestia
609 3332 648 3397 ad
664 3334 784 3397 liODli-
837 3332 1019 3397 ouetoritnte
1027 3329 1155 3395 Consilii
1165 3327 1323 3393 Generalis
1334 3344 1431 3410 supro
1438 3330 1563 3407 4444444444)

58 3435 161 3499 544441
189 3428 456 3504 DECEllDltillli,
484 3431 610 3501 tertium
637 3444 728 3491 sunm
750 3428 785 3487 li·
838 3437 870 3491 ot
884 3428 986 3495 4444444
1001 3425 1041 3488 de
1055 3426 1163 3487 eodem
1189 3430 1369 3505 argumento
1382 3416 1566 3503 mensch

58 3530 153 3589 lium:
170 3522 255 3587 etde
272 3521 422 3597 eundoee,
438 3521 476 3583 ad
495 3521 590 3585 lilium
614 3519 783 3585 Candidum
838 3522 954 3585 eodone
965 3518 1093 3584 Cortoils'i
1105 3518 1213 3581 Pssrsni
1222 3518 1279 3579 dn.
1293 3516 1381 3579 1644.
1396 3512 1566 3589 contralu-

57 3619 271 3685 Decembrem
284 3617 327 3677 De
340 3612 452 3677 morali
476 3612 668 3695 Philosophia
692 3614 785 3676 dialo·
839 3619 915 3681 lium
930 3618 967 3679 ll.
992 3614 1186 3694 cougregati,
1200 3610 1281 3691 quod
1307 3615 1472 3693 utrumque
1491 3602 1567 3667 seri·

57 3732 114 3796 gos
130 3713 227 3785 duos,
242 3718 275 3772 et
288 3709 433 3791 epitomen
452 3711 605 3771 Romanae
620 3706 784 3783 historiae,
840 3721 927 3794 ptum
938 3709 1103 3773 Goldastns
1114 3707 1196 3786 operi
1207 3704 1246 3766 de
1262 3701 1433 3765 lionarehia
1446 3698 1566 3779 lmpeu'i

59 3825 154 3890 quam
179 3805 260 3867 silius
279 3807 388 3867 Petrus
413 3802 568 3867 Candidus
582 3803 612 3879 c)
639 3801 785 3881 perfecit,
839 3823 906 3887 pag.
926 3802 1014 3866 1667.
1031 3810 1063 3862 et
1080 3798 1168 3865 1671.
1183 3805 1257 3861 tom.
1268 3797 1304 3859 ll.
1322 3796 1380 3871 (al.
1397 3792 1569 3868 444144441-

58 3905 223 3981 variasque
234 3896 394 3980 Epdtolos.
409 3899 507 3960 Vertit
519 3899 611 3959 etiam
626 3893 786 3957 Orationes
840 3898 963 3959 chorius
979 3896 1054 3956 libro
1072 3895 1120 3955 lv.
1136 3888 1280 3953 historiae
1302 3883 1569 3963 conciliorumln·

59 3995 209 4077 quasdam
223 3990 427 4055 Demosthenis
442 3998 474 4053 et
490 3989 618 4070 Lasine,
634 3984 788 4071 Episnlus
842 4007 985 4064 seruere,
1001 3996 1033 4051 ot
1048 3989 1087 4051 ob
1103 4002 1182 4066 quae
1200 3998 1261 4044 non
1290 3978 1378 4041 modo
1393 3976 1570 4041 ammuni-

59 4105 183 4172 quoque
199 4083 402 4148 Demosthenis
414 4101 451 4146 ae
474 4080 693 4146 elenenses
708 4088 741 4143 et
753 4078 790 4143 li·
842 4086 903 4149 eari
919 4084 1044 4157 Decium
1057 4098 1075 4144 a
1089 4076 1250 4150 Pantilius,
1263 4072 1399 4152 dirisque
1411 4068 1569 4165 deuorari,

62 4182 136 4246 bros
151 4181 251 4244 44444444
268 4176 403 4240 Plutonis
420 4176 456 4239 de
473 4172 658 4259 Republica,
673 4191 752 4257 qnos
770 4193 789 4237 a
845 4177 1001 4242 sedetiam
1014 4174 1139 4237 domum
1149 4169 1219 4249 ejus
1230 4165 1316 4231 loede
1329 4165 1417 4245 diripi
1432 4162 1567 4266 contigit

58 4280 121 4342 hlio
136 4279 229 4339 etiam
242 4277 334 4336 Petro
348 4270 483 4334 Candido
498 4269 528 4347 d)
543 4269 707 4333 translatos
723 4266 788 4351 jana
845 4273 944 4335 Vitam
960 4270 1044 4333 Decii
1069 4270 1188 4348 praeter
1212 4260 1433 4337 Pancirollum,
1448 4252 1570 4359 Richar-

63 4364 138 4437 dixi.
653 4392 656 4397 ’
845 4367 939 4443 dum,
955 4367 1128 4427 Forsterum
1148 4360 1287 4437 aliosque
1302 4352 1429 4417 tradunt
1449 4344 1572 4423 Dacians

102 4468 235 4528 'mm‘
259 4462 456 4568 DECHTUS’
478 4458 687 4567 viwqmiffi
706 4456 792 4519 Μ’
887 4502 1233 4569 annumeraverim
1246 4450 1570 4565 meiumtoiseesstsssss

64 4565 115 4625 uis
132 4563 440 4622 4)-444444444444444444
455 4554 628 4617 canonieus
641 4550 793 4611 444441444-
842 4594 921 4642 m,
936 4592 969 4635 ,ι
982 4592 1035 4643 qno
1049 4581 1101 4629 ossi
1125 4579 1235 4642 nupia
1250 4573 1382 4635 aurianae,
1398 4566 1569 4623 1441444444

65 4646 562 4729 4444444364.444144,Ι)ΕΟ444145.
846 4661 1040 4779 ῗοιιιωιωηωι,
1058 4660 1084 4702 ee
1102 4666 1147 4716 par
1164 4662 1247 4701 sonos
1266 4640 1573 4709 ueeeotoseussdlaot·

858 4744 872 4781 d
884 4743 898 4779 D
912 4742 1016 4780 tiaran
1031 4766 1038 4777 .

111 4825 140 4888 s)
152 4823 268 4876 4414444444
279 4817 444 4871 traditarum
456 4815 545 4869 itstlee
560 4821 623 4865 torn.
639 4816 682 4871 ,414
700 4827 727 4875 p.
741 4812 798 4863 541.
890 4805 918 4867 h)
927 4804 1031 4853 64444444
1042 4801 1180 4853 nahmens
1190 4792 1480 4863 possideamus
1496 4792 1578 4861 4444·

111 4900 141 4957 h)
159 4895 229 4945 idem
248 4898 310 4945 tom.
326 4895 347 4939 x
363 4902 421 4953 pse.
437 4890 485 4939 4146
500 4901 554 4950 seq.
846 4893 944 4934 comm.
959 4883 995 4931 De
1012 4876 1075 4929 loeis
1085 4877 1119 4929 eh
1135 4873 1223 4925 lodice
1239 4872 1417 4937 espurestosio
1433 4866 1568 4943 4441444441,

108 4970 223 5033 0111111411
240 4974 302 5021 ¹⁰⁰¹·
319 4967 402 5015 ΠΝ·
421 4975 479 5027 414-
496 4960 554 5023 486·
845 4960 940 5020 Decio,
967 4956 1025 5009 ride
1052 4954 1218 5005 Posnrlninu
1244 4955 1306 4999 tom
1322 4948 1338 4997 2
1355 4948 1491 5011 sppusins
1519 4950 1578 5003 pse.

108 5050 138 5111 d)
155 5048 271 5096 Disrlum
285 5040 451 5091 eruditorum
464 5039 549 5090 144114Ἱ
563 5042 646 5103 txp.
663 5037 726 5099 454,
746 5037 804 5089 4414.
846 5033 895 5083 476
912 5045 966 5095 seq.
997 5086 1000 5093 ,
1551 5058 1558 5077 f
