3458 5332
626 348 928 413 BUItELLUS
1101 374 1108 386 ·
1465 356 1523 419 ast

144 464 174 521 lo
189 457 228 520 de
246 459 463 520 recentioribus
479 456 660 519 Burchardis
668 459 749 521 dice·
801 467 911 520 exstat.
930 459 1003 521 Vide
1018 458 1172 521 Oudinom
1189 466 1271 521 toruo
1288 462 1327 522 441
1344 480 1410 541 pag.
1434 465 1523 527 4180.

143 553 171 615 43
189 550 289 615 443433
304 550 483 613 4433343303
499 553 638 631 Episcopi
659 555 748 613 Bam·
801 558 919 617 Pltseus
934 572 1000 635 pag.
1019 555 1079 616 543
1092 556 1184 615 etiam
1200 553 1316 617 editum
1333 559 1450 617 3343344
1470 559 1523 619 Pa-

144 646 261 729 ligandi
278 664 296 707 a
311 645 644 719 concionibusaulicis,
656 642 746 723 cujus
798 652 878 710 risiis
891 651 985 727 4340,
1000 650 1078 711 4518
1094 655 1126 708 34
1141 647 1331 727 Argentorati
1342 650 1420 710 4510
1433 653 1520 712 4518.

146 756 218 804 mus
245 740 285 802 de
304 739 364 801 003
382 739 398 775 4
415 739 495 799 43433
523 737 687 817 Didymum
714 746 746 800 et
800 743 883 804 [dem
905 742 998 820 liujus
1013 743 1179 819 Burgensis
1195 737 1307 801 librum
1328 740 1521 805 homiliarum

144 852 183 897 33
199 833 310 915 prodiit
325 832 361 893 4.
380 832 478 906 4534,
493 832 521 891 4.
796 834 839 897 orl
853 835 997 916 poputum
1020 842 1176 898 memorat.

144 926 746 1001 immodestiusotvionensts,eor·
837 931 967 991 4333333
982 929 1020 991 dc
1037 929 1186 997 81444440,
1212 927 1376 989 Monachus
1399 929 1521 991 Clunia-

145 1026 216 1083 tirca
229 1022 352 1083 433343
371 1019 449 1080 4494
466 1024 572 1080 auctor
589 1019 744 1097 4434333443,
798 1027 900 1085 333343
910 1022 1113 1103 3433340333
1124 1021 1522 1099 indnglial’etrobnrpensis

145 1117 247 1177 4333443
263 1115 301 1175 03
318 1112 458 1175 laudibus
470 1113 554 1173 Eliae
570 1114 745 1193 Prophetae,
798 1120 876 1178 circa
892 1117 1016 1180 dunum
1037 1119 1126 1180 4300.
1142 1118 1194 1195 qui
1211 1122 1290 1177 teste
1306 1116 1412 1177 eodem
1423 1118 1521 1178 Pitsoo

151 1216 185 1272 ut
215 1209 325 1269 volunt
349 1207 484 1285 parentis
504 1208 744 1269 carmelitarum.
798 1230 866 1291 pag.
889 1213 948 1273 448
973 1218 1093 1291 praeter
1108 1213 1286 1273 Sermonum
1306 1209 1467 1271 ooriornrn
1487 1209 1523 1270 44-

170 1303 228 1363 hoc
244 1303 335 1363 etiam
362 1316 451 1379 prosa
470 1303 630 1380 scripsisse
650 1303 745 1365 molta
800 1302 891 1367 03333
903 1307 1025 1384 scripsit
1039 1302 1172 1365 Annales
1187 1302 1367 1383 duplarum,
1384 1303 1441 1365 hoc
1457 1314 1520 1380 est,

145 1414 179 1459 ·3
195 1395 361 1458 'trithemio
387 1410 453 1472 cap.
468 1392 537 1454 897.
554 1401 646 1472 atque
667 1395 746 1455 inter
800 1397 968 1461 chronicon
983 1396 1220 1479 Petrodnryense
1233 1399 1273 1460 ab
1288 1397 1376 1461 4333
1387 1399 1445 1459 ont
1461 1418 1522 1478 quo
1540 1426 1544 1433 ·

156 1485 332 1551 illustribus
352 1484 431 1548 Viris
457 1485 510 1547 334
526 1485 658 1549 Ordinis.
675 1489 746 1567 Epi·
798 1502 934 1572 tompore
950 1495 1162 1555 nonasterium
1180 1492 1218 1553 de
1232 1494 1331 1571 Eurgo
1351 1493 1383 1555 S.
1404 1494 1484 1553 Petri
1504 1511 1523 1553 a

163 1581 394 1645 cisterciensem
416 1587 499 1641 recle
515 1588 605 1643 vocet
622 1584 652 1642 43
669 1582 743 1643 Bibl·
797 1589 894 1651 Pcada
916 1590 997 1665 ltcge
1011 1589 1188 1649 Marciorum
1207 1586 1367 1647 fundatum
1381 1592 1445 1648 erat
1460 1634 1467 1663 ,
1484 1586 1522 1647 ad

145 1692 267 1738 scarum
285 1675 436 1748 Labbeos,
450 1692 488 1735 ex
504 1691 566 1754 quo
585 1692 743 1755 perperam
799 1682 921 1743 Annum
935 1682 1012 1743 4308
1026 1682 1085 1741 MS.
1099 1683 1129 1740 43
1142 1678 1326 1742 Bibliotheca
1334 1681 1522 1743 cottoniana.

145 1788 244 1833 ensem
261 1772 358 1831 iecere
371 1769 451 1847 3330
465 1768 698 1834 443303343ὴί333
713 1789 741 1851 3.
799 1776 872 1837 Vide.
887 1774 1043 1837 Oudinom
1060 1782 1133 1835 torn.
1149 1776 1189 1836 114
1207 1791 1273 1855 pag,
1293 1775 1380 1835 4088.

146 1868 170 1927 44
185 1867 269 1927 enirn
284 1865 425 1927 Burellus
438 1864 746 1944 Episcopuscistarr·
840 1871 992 1935 *cuinam
1013 1871 1120 1931 Joonni
1137 1870 1283 1949 Burgensi
1301 1868 1432 1931 tribuam
1451 1886 1523 1949 opu-

145 1962 204 2021 sire
215 1960 425 2020 Sistaricensis
439 1962 468 2019 in
479 1958 575 2019 Gallia
589 1960 748 2039 (segesta
800 1966 921 2026 sculum
949 1965 1141 2043 inscriptum:
1161 1962 1198 2023 343
1218 1961 1367 2025 varietate
1388 1966 1525 2023 ost-rono-

145 2056 205 2115 rive
230 2053 507 2133 Segestericensem
534 2056 626 2113 etiam
646 2054 749 2135 appel·
799 2056 1524 2133 mine,haereoambiguusFragmentumelusat-

146 2146 199 2225 .lgo
212 2146 360 2223 Sisteron)
378 2146 417 2207 ab
434 2144 523 2207 4333
545 2146 623 2207 4499
646 2162 744 2224 usque
798 2152 857 2212 lert
866 2154 910 2212 4ο.
922 2154 1033 2214 ilarius
1043 2152 1133 2231 Belga
1148 2152 1177 2210 iu
1193 2148 1291 2210 libello
1300 2148 1339 2209 03
1350 2148 1523 2209 schismatis

146 2258 188 2303 tm
203 2241 282 2303 150l
299 2258 359 2319 333
373 2241 454 2301 diem
466 2239 539 2302 obiit
554 2255 741 2318 supremum.
797 2252 829 2307 34
849 2247 998 2308 concilior.
1021 2246 1197 2308 differentiis
1222 2260 1287 2323 333.
1309 2243 1373 2305 XV.
1390 2241 1524 2303 viderint

145 2333 375 2397 marthanorum
391 2334 519 2395 Galliam
536 2333 740 2397 Christianam
797 2342 925 2423 43343333
940 2341 1062 2405 eruditi.

150 2427 292 2489 editionis
306 2430 419 2507 primae
431 2444 497 2506 pag.
509 2427 588 2490 4034
605 2434 638 2489 34
649 2428 741 2489 loan-
833 2436 964 2497 4333333
974 2436 1197 2497 BURGENSIS.
1212 2433 1301 2509 inira,
1311 2432 1521 2495 contunsis,

146 2521 280 2584 lumbum
294 2521 331 2582 03
349 2523 444 2601 gestis
458 2522 675 2601 Episcoporum
692 2524 739 2585 Si·
832 2530 876 2591 De
893 2526 988 2590 Panlo
1003 2529 1193 2591 EURGENSI
1217 2527 1256 2588 ab
1282 2525 1369 2587 4333
1388 2525 1466 2587 itta
1488 2526 1518 2587 43

146 2618 228 2676 sium
243 2615 318 2674 libro
334 2617 361 2675 3.
380 2613 475 2692 Lugd.
495 2617 573 2677 4008
587 2617 636 2677 431.
792 2624 933 2705 Hispania
961 2626 1125 2703 Episcopo,
1138 2640 1177 2683 ex
1193 2620 1308 2683 430333
1333 2619 1517 2682 ludaeorum

146 2708 215 2771 3433
228 2708 265 2770 de
279 2708 407 2770 BURGO
417 2711 448 2771 S.
457 2709 739 2793 Sepulchri,dugu·
791 2726 1017 2798 oppugnatore,
1038 2718 1133 2793 inira,
1149 2714 1307 2778 44444448.

145 2807 252 2867 scirca
266 2804 323 2865 43.
338 2805 415 2864 1380
432 2807 483 2882 qui
495 2804 597 2881 judica
614 2814 737 2869 auctore
830 2813 961 2875 1333333
989 2812 1231 2888 BURGUNOIO,
1261 2812 1328 2871 sire
1347 2809 1516 2871 8444404444-

146 2902 150 2959 i
166 2898 321 2961 Comitum
339 2897 634 2979 Oldenburgensium
655 2902 734 2981 apud
789 2908 889 2983 ottJS,
907 2908 1132 2970 luriconsultus
1145 2912 1178 2967 34
1197 2905 1295 2966 ludex
1317 2905 1456 2977 Pisanus,
1476 2902 1515 2963 de

146 2998 205 3056 lum
231 2999 304 3053 tom.
333 2993 358 3053 44
383 3009 412 3071 3.
431 2993 498 3054 404.
524 2994 560 3053 43
575 2994 657 3055 omni
669 3000 738 3057 orte
790 3017 850 3078 qoo
861 2999 950 3079 juvat
966 3000 1138 3061 adscribere
1154 2998 1228 3059 haec
1241 2994 1366 3077 33434433
1383 3002 1515 3057 3343433

146 3086 201 3148 nit
212 3085 468 3168 perdoctissimns.
495 3089 614 3161 433433,
637 3088 736 3150 444343
788 3095 950 3155 Laurentio
962 3094 1099 3172 Pignorio
1115 3091 1249 3170 Epistola
1265 3092 1398 3153 44444444
1412 3088 1450 3151 30
1466 3089 1517 3149 lo

146 3198 203 3257 ros,
213 3180 359 3241 Oratores
372 3186 402 3241 34
411 3178 600 3262 Philosophus
608 3180 735 3262 (4334333
788 3203 900 3246 aunem
914 3186 1098 3247 Boniiacium
1113 3202 1180 3264 pag.
1197 3187 1264 3245 1449.
1283 3184 1362 3244 44343
1377 3188 1450 3244 3334
1462 3182 1520 3263 qni

146 3292 168 3338 3
183 3273 343 3339 amoravii.
355 3274 480 3354 ”qnod
488 3275 542 3336 sni
551 3274 737 3338 Commenta-
787 3276 968 3339 adscribent
981 3279 1135 3341 versiones
1151 3296 1268 3351 eornm,
1284 3294 1364 3358 3333
1387 3276 1419 3337 in
1440 3277 1519 3336 Pon

146 3384 261 3448 :stipor
276 3369 429 3431 Valerium
445 3371 629 3445 Maximum,
643 3386 736 3451 super
790 3371 885 3434 doctis
904 3390 1016 3453 333333
1040 3372 1195 3453 loquutur,
1216 3374 1233 3409 '¹
1259 3370 1328 3433 licet
1351 3370 1519 3433 Accorsins

147 3461 419 3541 lctamorphoseos,
431 3479 526 3542 snper
534 3465 736 3545 41333343333
790 3464 959 3543 03133333
974 3466 1168 3547 interpretem
1179 3483 1246 3529 3333
1257 3463 1347 3527 velit:
1359 3482 1453 3545 porro
1470 3462 1519 3527 ln'c

147 3572 222 3638 oper
236 3554 400 3633 tropoediis
417 3556 562 3631 Senecae,
582 3574 737 3639 33333333
789 3565 889 3620 333433
900 3566 970 3621 tunc
980 3560 1120 3641 temporis
1132 3560 1269 3621 Graecae
1279 3557 1399 3639 4433333
1404 3558 1520 3640 peritia

147 3650 172 3714 43
182 3655 212 3711 34
228 3650 423 3711 Politicornm
439 3652 448 3727 i
453 3650 638 3728 Aristotelis)
649 3651 736 3714 libris
791 3650 943 3715 inclaruit.
959 3654 1001 3715 444
1016 3653 1138 3715 memini
1158 3671 1205 3715 me
1226 3652 1329 3715 videre
1342 3652 1413 3715 olim
1432 3652 1518 3734 33334

148 3742 182 3821 44,
206 3748 344 3805 testatior.
362 3742 558 3825 4434303133
575 3762 676 3808 omnes
695 3746 737 3807 334
791 3744 1018 3809 Nobilissimum
1051 3746 1168 3824 434343,
1199 3753 1229 3807 34
1257 3745 1297 3808 30
1325 3748 1515 3811 Eruditionis'

147 3834 311 3899 scellentem
325 3836 538 3917 tropoto9icnm
551 3855 674 3901 sensnm
687 3856 737 3901 re-
792 3840 880 3902 londe
894 3838 1099 3902 clarissimum
1112 3841 1257 3927 loannem
1273 3842 1456 3903 Vincentinm
1470 3844 1519 3904 Pi-

147 3930 204 3993 init
206 3929 389 4009 jocundius,
405 3930 482 3991 34134
494 3930 620 4013 (4334333
631 3932 738 3997 3144433
792 3934 920 4014 nellnm,
949 3932 1086 3997 Codicem
1111 3933 1309 4015 3333333434.
1338 3934 1392 3997 loc
1424 3932 1518 3995 444343.

147 4022 251 4107 isarni.
791 4030 900 4108 incipit
912 4026 988 4091 liber
999 4027 1336 4088 vindemiaeadomino
1346 4026 1519 4105 Burgundio

147 4132 180 4181 33
205 4116 242 4178 de
268 4118 396 4180 41144400
418 4121 484 4180 sire
504 4120 734 4197 suanensis,
791 4124 912 4197 Pisano,
929 4121 968 4183 dc
993 4120 1109 4183 Graeco
1133 4122 1163 4179 in
1191 4120 1319 4181 latinum
1341 4121 1519 4181 translatus.
1622 4138 1626 4143 ·

147 4215 212 4275 rius
238 4212 453 4274 universitatis
475 4212 735 4295 Centobripiensis
790 4233 869 4297 3333
884 4218 974 4277 erant
988 4216 1102 4293 aliquot
1112 4214 1241 4276 Schedia
1250 4212 1450 4291 Geoponicon.
1469 4213 1520 4273 43-

147 4324 233 4367 rnum
262 4306 340 4367 4380
366 4308 506 4386 exemplo
528 4308 669 4371 Guilelmi
696 4310 735 4371 de
790 4308 863 4371 cidit
878 4310 969 4369 344333
985 4307 1017 4368 in
1032 4324 1141 4370 333333
1151 4324 1235 4371 meos
1245 4307 1347 4370 versio
1365 4304 1459 4368 44133114
1466 4324 1517 4367 33-

150 4402 202 4479 qui
217 4401 315 4461 simite
331 4417 408 4480 opus
419 4418 522 4476 suum,
539 4402 669 4465 Oculum
681 4406 734 4464 Sa·
788 4403 851 4465 scio
867 4405 970 4485 ctn'ns,
989 4402 1131 4483 03333344
1147 4402 1282 4484 4333334,
1299 4402 1341 4463 ito
1356 4400 1518 4481 inscripto,-

148 4493 490 4573 inscripserat,condidit
495 4492 647 4574 pupillam
654 4495 735 4557 33344
853 4494 945 4560 Liber
961 4498 995 4558 ll.
1018 4496 1350 4577 03333344143333344·
1370 4493 1483 4573 incipit.

148 4589 271 4649 umentis
284 4596 316 4649 et
332 4589 627 4663 sacramentalibus,
650 4590 733 4651 libris
788 4593 971 4653 0334334334
985 4592 1135 4653 Fridarico
1153 4592 1351 4651 invictissimo
1372 4590 1518 4650 44334333-

148 4698 215 4763 4333
227 4682 355 4761 grande,
371 4681 452 4761 quod
467 4682 606 4763 perinde,
619 4689 654 4745 ut
667 4683 734 4762 ejus
789 4701 858 4745 rum
873 4684 1067 4765 imperatori,
1086 4691 1117 4747 et
1134 4686 1254 4747 Caesari
1272 4700 1393 4762 semper
1416 4682 1518 4762 liugu-

148 4776 174 4838 43
186 4776 407 4855 3334434331433
418 4776 610 4839 Bibliothscis
619 4778 734 4843 4484333

833 4861 845 4885 ·
857 4864 937 4927 Supra
948 4876 1005 4927 333.
1018 4864 1075 4913 474.
1214 4910 1218 4916 .

833 4936 859 4959 ··
871 4937 987 5003 intellige
997 4938 1117 4989 nemean
1126 4939 1157 4989 de
1168 4948 1259 4989 natura
1272 4939 1398 4997 33344313,
1410 4940 1522 5001 dymno

148 5002 252 5068 4344433
263 5004 440 5056 normanno
451 5010 524 5059 ,4333
538 5006 600 5059 tina
612 5020 670 5073 333.
683 5008 739 5061 844.
786 5019 887 5074 praeter
901 5026 955 5063 rem
972 5013 1096 5065 tributum
1109 5026 1182 5077 spon
1195 5014 1257 5065 vide
1274 5022 1294 5065 4.
1311 5016 1351 5063 444
1366 5013 1430 5065 14444.
1443 5017 1523 5064 Grue-

149 5080 244 5143 33133.
262 5082 430 5146 3334333344.
787 5096 833 5137 333
844 5098 870 5151 p.
883 5088 940 5139 tao.

1233 5196 1278 5253 'nii
