3458 5332
181 236 339 316 permonet
352 231 385 293 io
399 236 494 295 vllam
505 232 678 291 oeternum:
692 223 901 307 quoninnspic
954 222 1102 285 advorsus
1116 222 1225 301 dogma
1240 220 1278 285 de
1293 220 1498 301 Eucharistia,
1516 223 1592 289 illud
1620 218 1674 291 nti·

184 324 368 391 sumentibus
381 322 597 406 moscrtoitooi
611 324 775 381 comosum.
785 318 902 381 Picum
955 334 1015 396 que
1028 333 1087 378 non
1096 316 1218 380 concilii
1227 318 1365 379 Patribus
1375 317 1429 379 sod
1440 318 1526 380 Floro
1536 320 1594 399 ipsi
1604 322 1672 402 llag.

185 428 244 484 um
256 419 366 496 sumit,
382 416 438 498 qni
446 414 565 496 Spiritu
577 412 636 494 fide
656 411 852 474 illuminator.
866 411 903 470 ln
954 408 1184 472 adscribendum
1199 414 1291 471 essct.

185 514 236 577 illo
250 512 316 577 cibo
325 517 354 575 et
361 516 436 593 potu
448 507 574 587 visibili,
583 507 726 569 virtutem
741 502 901 567 invuioio's
994 502 1054 565 Sed
1070 520 1127 565 nco
1142 504 1228 565 Floio
1243 503 1407 582 quidquam
1418 504 1533 567 excidit
1548 506 1675 588 dogmati

182 608 304 688 prutina
318 606 415 669 esurit
429 622 467 666 oc
478 603 555 666 sitit:
568 600 609 663 llt
622 616 732 661 moniis
745 596 901 677 lodulpen·
953 596 1098 658 catholico
1113 596 1151 658 de
1166 614 1240 659 vera
1250 598 1360 660 Christi
1376 602 1568 681 perceptione
1578 604 1609 663 in
1619 604 1676 665 Eu-

185 702 258 778 tioc,
275 700 360 763 silcst
375 696 484 762 solutis
493 692 669 777 spiritualer
672 692 815 775 percepit
828 689 902 753 Nul-
954 688 1095 750 chunctis
1115 706 1295 769 inpugnans.
1327 690 1495 770 Scripserat
1510 692 1677 757 Amalasins

186 794 303 857 insenos
316 792 473 874 copitoudn
487 795 545 851 out
562 785 718 847 metuendo
733 791 779 847 est
797 784 829 845 in
848 784 902 845 boc
955 798 1019 843 rem
1033 798 1101 842 esso
1116 781 1299 861 ambiguam,
1313 788 1419 844 utrum
1434 801 1546 865 corpus
1568 786 1680 851 Christi

184 882 668 971 mysterio,ullsspollntio.cospus
679 877 771 959 ipitoc
781 877 906 941 Cllristi
957 872 993 935 de
1007 873 1105 963 abaci
1128 880 1279 956 ssimptum
1305 876 1337 937 in
1363 884 1605 959 corporenostio
1619 898 1681 941 sno-

185 989 301 1045 nonest
316 982 348 1042 in
359 979 455 1060 specie
470 974 594 1052 visibili,
607 972 661 1037 scd
674 974 707 1034 in
718 972 833 1033 airtaslc
842 971 904 1051 spi-
956 972 1028 1029 nont
1040 966 1135 1049 usquc
1149 968 1268 1031 indicos
1281 968 1473 1057 scpndnrne,
1487 990 1530 1033 oss
1546 973 1681 1037 inoi'sibi-

184 1075 306 1138 ritcmli:
321 1090 375 1135 nco
392 1068 550 1152 inquinari
559 1072 656 1149 potcst
668 1064 732 1148 seco
748 1080 903 1145 corporeo,
956 1058 1025 1123 liter
1039 1060 1208 1142 recipiatur
1230 1062 1264 1123 in
1278 1062 1405 1141 coelam
1422 1082 1465 1125 on
1489 1062 1613 1147 'qimi
1631 1084 1680 1129 oc·

186 1166 489 1250 quodetonimorom
500 1169 701 1244 etcorporum
721 1157 798 1221 odio
818 1174 905 1219 mono
956 1173 1028 1217 mm
1052 1154 1212 1218 incidimus
1227 1173 1296 1217 cum
1311 1158 1456 1239 sanquine
1467 1160 1623 1241 profluam,-
1639 1178 1681 1223 ou

186 1262 262 1324 doro
281 1259 441 1323 conuenit.
958 1266 1027 1311 com
1041 1248 1188 1328 coetcris,
1210 1266 1289 1331 quoe
1304 1250 1683 1332 iscisintrnnt,inscccs·

226 1356 244 1391 *
259 1354 350 1416 ldulta
365 1353 413 1413 hic
427 1351 554 1412 involvit
566 1347 729 1423 Fabricius,
749 1363 842 1425 quaro
861 1352 907 1405 to-
957 1360 1026 1407 som
1040 1342 1163 1405 lubnlur
1179 1344 1233 1407 Ubi
1250 1348 1342 1407 etiam
1358 1344 1397 1407 de
1413 1349 1526 1427 sputis,
1539 1356 1572 1411 et
1582 1350 1684 1431 phleg-

186 1456 239 1510 tnu
255 1449 312 1509 iste
331 1445 476 1508 articulus
491 1461 510 1505 a
525 1459 574 1505 me
594 1438 786 1519 inungendus
804 1456 841 1501 ac
861 1456 907 1501 rc-
960 1438 1090 1501 mutibus
1105 1440 1301 1518 spurcissimo
1315 1436 1458 1519 disputat
1468 1443 1685 1522 Repselaencio·

186 1539 362 1602 tmctandns
374 1544 430 1599 esi.
448 1534 564 1616 Agebat
578 1533 748 1596 Amaluiiud
762 1549 821 1592 non
837 1532 908 1611 Epi-
960 1550 999 1595 nc
1015 1530 1088 1593 haec
1104 1531 1193 1611 digna
1201 1529 1317 1610 judicat
1330 1534 1450 1611 Florus,
1464 1552 1685 1616 aggressusque

187 1637 366 1712 scopumut
381 1648 400 1692 a
415 1630 546 1691 Fabricio
562 1624 908 1705 creditumoedCompi-
961 1624 1117 1687 salutanda
1133 1624 1334 1703 demonstrat,
1351 1624 1429 1689 bunc
1457 1626 1559 1691 cibum
1577 1630 1686 1694 montis

186 1741 310 1805 scopum
321 1723 561 1803 Lugdunensem,
571 1718 908 1798 mripeemttriadivnrsi
961 1734 1025 1781 msc
1037 1736 1097 1779 sion
1107 1718 1235 1795 mobis,
1251 1737 1311 1780 non
1325 1721 1485 1801 comcocpi
1497 1722 1553 1785 scd
1562 1740 1686 1805 pem

186 1818 315 1893 artificii,
329 1816 382 1877 ned
397 1814 532 1879 eiusdem
547 1812 716 1892 argumenti
728 1826 826 1889 opera,
836 1826 910 1887 qna·
960 1828 1032 1871 acro
1046 1810 1078 1872 io
1091 1810 1186 1873 ocium
1193 1816 1359 1891 octarium
1371 1832 1480 1897 cospns
1495 1815 1618 1881 Gbristi
1628 1834 1686 1878 uon

187 1930 254 1973 rum
271 1913 379 1991 primis
390 1911 498 1972 titulus
517 1913 565 1968 est
579 1902 728 1988 officialis,
744 1906 774 1963 in
790 1920 851 1981 quo
871 1901 909 1963 do
961 1920 1025 1966 csse
1040 1903 1072 1964 io
1085 1903 1182 1986 spacio
1200 1902 1327 1984 visibili,
1343 1906 1397 1970 scd
1411 1906 1444 1969 is
1465 1908 1581 1971 coam
1596 1909 1686 1993 spiri-

187 2007 282 2067 namio
301 2006 415 2067 oiiiiciis
431 2002 568 2063 tractatio
588 1999 767 2073 institution
784 1997 909 2057 alterius
960 1998 1055 2074 ostoli,
1071 2015 1125 2061 occ
1140 1997 1298 2079 obsquium
1317 2016 1406 2081 posse
1431 1999 1516 2083 focca
1539 2019 1686 2085 corporeo

186 2098 439 2177 antiphonarium3
453 2095 533 2155 tertii
543 2088 686 2151 Embolos
701 2085 908 2169 oposeoiomm
960 2090 1042 2172 quod
1052 2091 1228 2153 ociosorum
1241 2094 1528 2173 etcorpoionoisio
1537 2094 1687 2159 mundors

187 2207 314 2252 mimum
343 2190 422 2249 idest
434 2186 682 2247 additamcntum.
699 2182 815 2261 Scripta
834 2180 908 2242 haec
960 2185 1121 2247 consucvit.
1137 2186 1253 2257 Quibus
1268 2188 1371 2249 verbis
1395 2188 1425 2250 id
1448 2192 1538 2253 unice
1553 2190 1686 2255 intendit

187 2282 375 2362 approbanda
391 2282 421 2341 in
436 2278 566 2342 Concilio
588 2278 769 2339 Dioencsano
790 2273 909 2352 Lugdu·
960 2279 1067 2342 Florus
1088 2279 1146 2341 alio
1161 2280 1249 2358 plane
1270 2282 1358 2343 modo
1379 2284 1686 2367 manducauioorpus

188 2377 275 2436 nensi
292 2372 422 2434 tradidit.
439 2372 499 2433 Scd
512 2370 585 2431 nihii
602 2377 677 2431 tunc
692 2368 849 2429 delinitum
868 2385 907 2428 eu
960 2372 1084 2449 Christi,
1100 2389 1136 2435 ac
1149 2373 1236 2435 cibus
1251 2374 1427 2451 materialis,
1444 2383 1550 2441 contra
1560 2376 1592 2439 id
1605 2377 1685 2457 qnod

187 2468 359 2527 coniectura
372 2465 482 2544 pudico.
498 2466 575 2525 Tum
592 2464 698 2524 Florus
714 2462 857 2539 magister
876 2466 907 2521 et
958 2463 1128 2529 Amalanus
1134 2466 1296 2541 asserebat,
1303 2466 1352 2527 vel
1364 2468 1528 2547 ponebatin
1535 2470 1684 2551 ambiguo.

187 2558 332 2619 ecclesian
341 2556 703 2639 Lugdunensisliiaconus
712 2555 822 2632 scripta
833 2552 907 2615 naec
960 2558 1121 2621 Caeterum
1132 2576 1192 2621 non
1201 2565 1291 2637 negat
1300 2560 1417 2639 Corpus
1427 2560 1541 2623 Christi
1558 2564 1684 2643 scipsas

188 2651 363 2732 dignissima
389 2650 530 2729 judicans
555 2649 664 2711 detulit
688 2648 727 2709 ad
740 2646 905 2708 Concilium
961 2648 1098 2712 fidelibus
1114 2650 1295 2713 manducari.
1321 2650 1465 2715 bonomo
1483 2654 1577 2717 lctus
1600 2654 1685 2719 ctri-

189 2745 269 2826 apud
301 2746 469 2807 Theodonis
498 2745 603 2805 Villam
626 2760 665 2803 an
693 2743 752 2803 835
772 2738 907 2801 habitum
960 2742 1685 2825 stics,ait,usseritscmstipsomnFidslibscsmn-

188 2856 321 2917 cumque
332 2854 390 2899 non
401 2835 789 2907 sicdamuarentur‚ilorus
798 2832 908 2911 nodpto
960 2834 1071 2898 doceri
1082 2843 1109 2898 ci
1124 2855 1194 2899 ocra
1222 2854 1345 2899 curnem
1369 2855 1458 2901 suom
1473 2856 1539 2903 esss
1558 2840 1683 2919 'cibum

189 2933 248 2994 aiio
263 2934 386 3003 ommno,
410 2949 446 2993 ea
461 2932 561 2992 omnia
586 2930 736 3009 expressit
761 2942 838 3004 quac
858 2942 909 2986 su·
961 2946 1032 2991 ocra
1044 2932 1219 3010 sciopodum
1233 2948 1323 2993 suom
1336 2937 1438 3013 polum
1450 2947 1524 2996 csso.
1542 2936 1584 2999 Et
1599 2936 1687 3016 paulo

189 3034 293 3106 specta
310 3026 438 3087 inlibris
453 3021 765 3102 Amalaciijudicnbat
781 3021 910 3083 minum
961 3025 1110 3103 nuperius.
1128 3025 1258 3088 Carnem
1282 3038 1372 3085 suom
1386 3023 1460 3087 dicit
1486 3028 1654 3105 (Christus)
1666 3046 1687 3089 o

188 3122 221 3181 in
236 3119 358 3199 Synodo
372 3120 519 3181 Cariniana
544 3133 593 3178 an.
613 3117 672 3177 838
688 3115 727 3176 do
743 3112 799 3173 hnc
818 3126 909 3172 causa
961 3115 1116 3179 Fidelibuo
1141 3116 1323 3179 manducari
1346 3122 1377 3181 at
1402 3118 1580 3199 souqusiicm
1599 3138 1686 3183 susino

188 3215 317 3292 cognitio
329 3214 468 3273 instituta
477 3216 535 3285 est,
544 3218 636 3287 atquc
645 3202 910 3286 opusculadmala·
957 3210 1069 3289 potari.
1087 3212 1158 3273 Vera
1171 3210 1255 3273 illum
1268 3211 1368 3274 cibum
1380 3229 1503 3274 caricem
1512 3230 1605 3276 mom
1615 3231 1687 3289 csse,

187 3307 223 3365 rii
238 3304 387 3365 damnata.
401 3303 589 3374 liarrathneo
605 3302 710 3361 Florus
724 3300 754 3359 in
769 3298 826 3359 alio
836 3313 909 3376 opu·
961 3320 1032 3364 cere
1047 3302 1132 3364 illum
1143 3311 1246 3386 potum
1255 3305 1432 3386 sanquinem
1447 3322 1538 3369 mcum
1553 3308 1688 3370 emacim

187 3398 273 3458 nculo
289 3398 439 3475 inscripto.
456 3396 500 3457 lic
514 3411 610 3455 conso
625 3391 712 3454 Fidei
722 3388 806 3471 opud
820 3389 909 3454 Cori-
960 3396 1125 3475 coufirmat.
1140 3399 1278 3478 Seipsacm
1293 3400 1406 3461 amerit
1419 3418 1441 3460 o
1457 3397 1614 3463 Fidclsbns
1623 3401 1688 3465 sais

184 3488 537 3569 siscensclipiscoporom
548 3484 712 3561 Corobilium
720 3480 909 3567 smpecbobs'·
960 3490 1074 3551 consedi
1087 3497 1115 3553 st
1128 3490 1192 3553 sina
1209 3492 1262 3553 boo
1277 3491 1343 3555 cibo
1363 3492 1509 3555 mmincns
1535 3510 1611 3557 acro
1630 3512 1688 3576 per

190 3590 230 3645 la.
243 3584 285 3645 lbi
296 3582 418 3662 quidem
427 3584 525 3661 aliqud
536 3584 632 3662 langii
641 3583 679 3644 de
689 3582 765 3641 aclis
774 3578 907 3651 Concilii,
961 3581 1039 3645 hum
1063 3583 1206 3647 muudum
1221 3586 1325 3648 vivere
1353 3590 1498 3659 tentalum
1525 3584 1606 3649 bunc
1625 3604 1689 3650 mg

184 3693 245 3737 non
255 3684 410 3755 tamquam
418 3674 525 3755 jussus
535 3672 906 3739 aPatribuannciliihaeo
954 3676 1118 3756 ponamus
1133 3677 1212 3741 coelo
1227 3678 1461 3753 descendentem,
1473 3678 1551 3741 illest
1564 3696 1689 3743 cosumus

185 3773 250 3851 ipsa
266 3771 408 3849 sumbone,
425 3771 479 3851 scd
495 3786 551 3832 suo
567 3773 697 3849 ingenio,
711 3775 744 3830 et
762 3767 904 3840 concilim
958 3786 1049 3849 quom
1064 3771 1126 3853 ipsc
1152 3770 1279 3833 trnds'dit
1300 3790 1359 3853 pro
1383 3772 1488 3835 masidi
1512 3773 1588 3836 svitn.
1609 3776 1688 3837 llaec

184 3871 251 3925 inm
277 3881 315 3925 ex
342 3880 398 3926 suo
414 3870 510 3925 manto
526 3864 638 3943 proicit
665 3864 807 3935 rationes,
827 3876 905 3938 quae
958 3867 1057 3925 omnia
1073 3866 1149 3927 Flori
1170 3867 1315 3945 opuscula
1341 3866 1479 3943 vulgavit
1499 3868 1531 3927 Ρ.
1552 3869 1687 3929 Mastane

182 3959 406 4020 damnationem
422 3959 564 4020 librorum
584 3956 724 4019 Amalarii
739 3972 757 4015 a
774 3952 905 4015 Concilio
958 3965 1019 4021 ves,
1035 3960 1111 4019 Mon.
1128 3965 1200 4019 tom,
1219 3960 1260 4020 lx
1274 3958 1330 4020 σοι.
1359 3959 1417 4019 649
1435 3976 1474 4020 ax
1493 3976 1556 4039 quo
1572 3970 1688 4041 agom-

182 4054 410 4133 pronunoiatam
421 4051 598 4125 defendunt,
614 4057 646 4111 et
658 4049 829 4111 adstruunt
840 4047 904 4107 lion
958 4050 1026 4111 dem
1041 4052 1090 4113 illa
1105 4053 1210 4131 mqsatii
1223 4054 1253 4113 in
1263 4052 1473 4133 supplemento
1484 4054 1599 4117 Concil.
1612 4060 1687 4116 inm.

181 4163 252 4223 ocgo
268 4148 389 4207 Patrum
406 4145 529 4205 Concilii
553 4145 682 4205 rationes
699 4141 747 4201 hic
762 4156 905 4219 promun-
959 4143 972 4203 i
994 4160 1060 4222 pag.
1080 4144 1148 4205 805.

181 4246 244 4315 inr3
262 4246 295 4301 ut
320 4255 358 4299 ex
375 4241 510 4300 iiomaoo
526 4238 635 4298 asserit
655 4235 824 4307 Fabricius3
848 4230 903 4292 scd
998 4236 1104 4298 Utrum
1115 4253 1187 4298 vero
1196 4236 1365 4300 amalarius
1378 4239 1525 4301 ieteidom
1540 4241 1688 4303 sitomni-

181 4335 259 4394 Flori
275 4339 348 4393 sunt
363 4333 471 4392 omnia.
494 4332 620 4409 insuper
647 4328 847 4405 imgmentum
869 4325 904 4385 il-
957 4344 996 4389 no
1011 4344 1080 4389 cum
1096 4328 1221 4391 authore
1237 4334 1337 4410 operis
1350 4333 1394 4393 Dc
1410 4331 1623 4396 ecclesiasticis
1645 4334 1690 4416 of-

181 4426 234 4487 lud
251 4425 299 4487 hic
315 4426 471 4486 relatuma
484 4422 629 4496 Fabricio,
643 4420 838 4511 desumptum
855 4425 903 4479 eet
953 4420 1044 4499 ficies,
1063 4429 1094 4482 ot
1109 4420 1146 4482 dc
1163 4422 1268 4484 ordine
1294 4424 1509 4506 Amipbonnrii
1528 4428 1599 4506 plus
1617 4430 1688 4491 vico

179 4537 241 4580 nou
257 4538 295 4580 ox
311 4518 467 4597 opusculo,
484 4515 534 4577 ubi
546 4531 616 4593 pars
626 4512 770 4575 Actorum
781 4512 902 4573 concilii
958 4514 1084 4593 simplici
1096 4516 1126 4574 in
1138 4516 1454 4579 ltibliotlmcisl’atmm
1464 4520 1688 4599 vulgatiqnne·

179 4612 317 4689 traditur,
328 4611 381 4672 scd
393 4628 430 4671 cx
441 4606 792 4691 praecedensiopuscuio,
803 4608 903 4683 inquo
958 4606 1016 4666 stin
1030 4606 1102 4667 mihi
1112 4614 1161 4668 cst
1171 4611 1358 4687 permaxime
1372 4628 1492 4691 anceps.
1504 4615 1602 4674 Patria
1613 4618 1688 4675 scn-

180 4707 285 4771 Florus
301 4702 440 4767 amalarii
458 4702 639 4765 sentcntiam
655 4700 715 4763 latc
731 4700 853 4779 exponit
873 4705 904 4759 nt
958 4701 1051 4777 pincis
1066 4702 1133 4761 eius
1148 4702 1247 4779 operis
1262 4718 1279 4762 a
1297 4709 1400 4763 nostro
1416 4711 1465 4765 ent
1475 4705 1616 4781 diversa,
1634 4708 1684 4769 vel

179 4800 297 4861 uolutat.
319 4798 417 4869 Quare
434 4794 546 4875 siquid
567 4795 641 4859 ioutc
667 4794 715 4857 hic
735 4793 904 4861 traderetur
961 4790 1043 4853 illum
1058 4793 1274 4857 luciacensem
1286 4794 1433 4873 dicamus,
1445 4799 1681 4862 velllotcuccm.
