<?xml version="1.0" encoding="UTF-8"?>
<!DOCTYPE html PUBLIC "-//W3C//DTD XHTML 1.0 Transitional//EN"
    "http://www.w3.org/TR/xhtml1/DTD/xhtml1-transitional.dtd">
<html xmlns="http://www.w3.org/1999/xhtml" xml:lang="en" lang="en">
 <head>
  <title>
</title>
<meta http-equiv="Content-Type" content="text/html;charset=utf-8" />
  <meta name='ocr-system' content='tesseract 3.04.00' />
  <meta name='ocr-capabilities' content='ocr_page ocr_carea ocr_par ocr_line ocrx_word'/>
</head>
<body>
  <div class='ocr_page' id='page_1' title='image "./bibliothecalati00gallgoog/bibliothecalati00gallgoog_0248.png"; bbox 0 0 3464 5318; ppageno 0'>
   <div class='ocr_carea' id='block_1_1' title="bbox 685 355 1576 435">
    <p class='ocr_par' dir='ltr' id='par_1_1' title="bbox 685 355 1576 435">
     <span class='ocr_line' id='line_1_1' title="bbox 685 355 1576 435; baseline -0.015 -18"><span class='ocrx_word' id='word_1_1' title='bbox 685 355 991 421; x_wconf 77' lang='grc'><strong>4444444444-</strong></span> <span class='ocrx_word' id='word_1_2' title='bbox 1511 368 1576 435; x_wconf 84' lang='lat' dir='ltr'><strong>ua</strong></span> 
     </span>
    </p>
   </div>
   <div class='ocr_carea' id='block_1_2' title="bbox 57 458 1581 5040">
    <p class='ocr_par' dir='ltr' id='par_1_2' title="bbox 57 458 1581 5040">
     <span class='ocr_line' id='line_1_2' title="bbox 107 458 1574 549; baseline 0.01 -28"><span class='ocrx_word' id='word_1_3' title='bbox 107 458 267 521; x_wconf 67' lang='lat' dir='ltr'><strong>‘Bonum</strong></span> <span class='ocrx_word' id='word_1_4' title='bbox 276 459 795 539; x_wconf 63' lang='grc'><strong>44444444434441444444444444444444444,</strong></span> <span class='ocrx_word' id='word_1_5' title='bbox 850 465 912 527; x_wconf 88' lang='lat' dir='ltr'><strong>Lib.</strong></span> <span class='ocrx_word' id='word_1_6' title='bbox 925 466 976 527; x_wconf 83' lang='lat' dir='ltr'><strong>Vll</strong></span> <span class='ocrx_word' id='word_1_7' title='bbox 992 464 1111 545; x_wconf 78' lang='lat' dir='ltr'><strong>incipit:</strong></span> <span class='ocrx_word' id='word_1_8' title='bbox 1123 463 1303 545; x_wconf 80' lang='lat' dir='ltr'><strong>Scriptores</strong></span> <span class='ocrx_word' id='word_1_9' title='bbox 1315 466 1350 530; x_wconf 90' lang='lat' dir='ltr'><strong>de</strong></span> <span class='ocrx_word' id='word_1_10' title='bbox 1360 466 1574 549; x_wconf 73' lang='lat' dir='ltr'><strong>sopitorum</strong></span> 
     </span>
     <span class='ocr_line' id='line_1_3' title="bbox 64 553 1577 639; baseline 0.01 -26"><span class='ocrx_word' id='word_1_11' title='bbox 64 554 183 615; x_wconf 84' lang='lat' dir='ltr'><strong>Bonito.</strong></span> <span class='ocrx_word' id='word_1_12' title='bbox 194 554 273 617; x_wconf 85' lang='lat' dir='ltr'><strong>Cum</strong></span> <span class='ocrx_word' id='word_1_13' title='bbox 284 570 340 631; x_wconf 78' lang='lat' dir='ltr'><strong>ego</strong></span> <span class='ocrx_word' id='word_1_14' title='bbox 353 553 440 615; x_wconf 86' lang='lat' dir='ltr'><strong>bonis</strong></span> <span class='ocrx_word' id='word_1_15' title='bbox 451 556 559 617; x_wconf 86' lang='lat' dir='ltr'><strong>avibus</strong></span> <span class='ocrx_word' id='word_1_16' title='bbox 569 553 720 616; x_wconf 85' lang='lat' dir='ltr'><strong>deductus</strong></span> <span class='ocrx_word' id='word_1_17' title='bbox 733 557 797 616; x_wconf 82' lang='grc'><strong>44444-</strong></span> <span class='ocrx_word' id='word_1_18' title='bbox 848 554 1007 618; x_wconf 79' lang='lat' dir='ltr'><strong>lodicibus</strong></span> <span class='ocrx_word' id='word_1_19' title='bbox 1024 557 1102 620; x_wconf 86' lang='lat' dir='ltr'><strong>etde</strong></span> <span class='ocrx_word' id='word_1_20' title='bbox 1119 557 1166 618; x_wconf 88' lang='lat' dir='ltr'><strong>bis</strong></span> <span class='ocrx_word' id='word_1_21' title='bbox 1182 558 1280 639; x_wconf 86' lang='lat' dir='ltr'><strong>quiin</strong></span> <span class='ocrx_word' id='word_1_22' title='bbox 1296 558 1399 623; x_wconf 81' lang='grc'><strong>44444444</strong></span> <span class='ocrx_word' id='word_1_23' title='bbox 1420 564 1484 626; x_wconf 91' lang='lat' dir='ltr'><strong>ord.</strong></span> <span class='ocrx_word' id='word_1_24' title='bbox 1502 572 1577 628; x_wconf 87' lang='lat' dir='ltr'><strong>suut</strong></span> 
     </span>
     <span class='ocr_line' id='line_1_4' title="bbox 64 648 1576 739; baseline 0.01 -33"><span class='ocrx_word' id='word_1_25' title='bbox 64 650 123 709; x_wconf 92' lang='lat' dir='ltr'><strong>rim</strong></span> <span class='ocrx_word' id='word_1_26' title='bbox 141 649 289 709; x_wconf 82' lang='lat' dir='ltr'><strong>Viennam</strong></span> <span class='ocrx_word' id='word_1_27' title='bbox 305 648 447 710; x_wconf 82' lang='lat' dir='ltr'><strong>Austriae</strong></span> <span class='ocrx_word' id='word_1_28' title='bbox 462 648 500 711; x_wconf 92' lang='lat' dir='ltr'><strong>de</strong></span> <span class='ocrx_word' id='word_1_29' title='bbox 518 649 795 712; x_wconf 65' lang='lat' dir='ltr'><strong>codmonizooisa</strong></span> <span class='ocrx_word' id='word_1_30' title='bbox 849 651 1004 715; x_wconf 76' lang='grc'><strong>4444444444</strong></span> <span class='ocrx_word' id='word_1_31' title='bbox 1017 659 1076 715; x_wconf 86' lang='lat' dir='ltr'><strong>etc.</strong></span> <span class='ocrx_word' id='word_1_32' title='bbox 1087 652 1149 713; x_wconf 89' lang='lat' dir='ltr'><strong>Lib.</strong></span> <span class='ocrx_word' id='word_1_33' title='bbox 1162 653 1238 714; x_wconf 84' lang='lat' dir='ltr'><strong>Viti.</strong></span> <span class='ocrx_word' id='word_1_34' title='bbox 1250 652 1329 729; x_wconf 79' lang='lat' dir='ltr'><strong>Quia</strong></span> <span class='ocrx_word' id='word_1_35' title='bbox 1339 672 1411 716; x_wconf 81' lang='grc'><strong>4444</strong></span> <span class='ocrx_word' id='word_1_36' title='bbox 1421 658 1576 739; x_wconf 89' lang='lat' dir='ltr'><strong>superiori</strong></span> 
     </span>
     <span class='ocr_line' id='line_1_5' title="bbox 63 740 1581 828; baseline 0.007 -26"><span class='ocrx_word' id='word_1_37' title='bbox 63 741 226 803; x_wconf 75' lang='lat' dir='ltr'><strong>lambecio</strong></span> <span class='ocrx_word' id='word_1_38' title='bbox 236 740 302 820; x_wconf 84' lang='lat' dir='ltr'><strong>jam</strong></span> <span class='ocrx_word' id='word_1_39' title='bbox 315 741 445 804; x_wconf 85' lang='lat' dir='ltr'><strong>indicato</strong></span> <span class='ocrx_word' id='word_1_40' title='bbox 466 744 611 821; x_wconf 84' lang='lat' dir='ltr'><strong>requisivi</strong></span> <span class='ocrx_word' id='word_1_41' title='bbox 627 743 794 817; x_wconf 84' lang='lat' dir='ltr'><strong>sollicitus,</strong></span> <span class='ocrx_word' id='word_1_42' title='bbox 849 743 926 807; x_wconf 89' lang='lat' dir='ltr'><strong>libro</strong></span> <span class='ocrx_word' id='word_1_43' title='bbox 942 744 978 807; x_wconf 88' lang='lat' dir='ltr'><strong>de</strong></span> <span class='ocrx_word' id='word_1_44' title='bbox 991 744 1142 825; x_wconf 88' lang='lat' dir='ltr'><strong>praelatis</strong></span> <span class='ocrx_word' id='word_1_45' title='bbox 1156 743 1187 806; x_wconf 88' lang='lat' dir='ltr'><strong>in</strong></span> <span class='ocrx_word' id='word_1_46' title='bbox 1203 744 1308 807; x_wconf 79' lang='lat' dir='ltr'><strong>laicali</strong></span> <span class='ocrx_word' id='word_1_47' title='bbox 1319 746 1383 807; x_wconf 86' lang='lat' dir='ltr'><strong>ord.</strong></span> <span class='ocrx_word' id='word_1_48' title='bbox 1396 750 1505 828; x_wconf 84' lang='lat' dir='ltr'><strong>positis</strong></span> <span class='ocrx_word' id='word_1_49' title='bbox 1517 757 1581 819; x_wconf 85' lang='lat' dir='ltr'><strong>ele.-</strong></span> 
     </span>
     <span class='ocr_line' id='line_1_6' title="bbox 63 835 1571 923; baseline 0.007 -28"><span class='ocrx_word' id='word_1_50' title='bbox 63 852 157 913; x_wconf 89' lang='lat' dir='ltr'><strong>quem</strong></span> <span class='ocrx_word' id='word_1_51' title='bbox 173 852 245 898; x_wconf 89' lang='lat' dir='ltr'><strong>oum</strong></span> <span class='ocrx_word' id='word_1_52' title='bbox 264 835 337 897; x_wconf 88' lang='lat' dir='ltr'><strong>mihi</strong></span> <span class='ocrx_word' id='word_1_53' title='bbox 358 835 584 915; x_wconf 73' lang='lat' dir='ltr'><strong>suppeditasset</strong></span> <span class='ocrx_word' id='word_1_54' title='bbox 598 836 794 898; x_wconf 88' lang='lat' dir='ltr'><strong>doctissimus</strong></span> <span class='ocrx_word' id='word_1_55' title='bbox 848 840 992 918; x_wconf 81' lang='lat' dir='ltr'><strong>Superest</strong></span> <span class='ocrx_word' id='word_1_56' title='bbox 1010 856 1089 898; x_wconf 90' lang='lat' dir='ltr'><strong>nunc</strong></span> <span class='ocrx_word' id='word_1_57' title='bbox 1116 838 1148 898; x_wconf 88' lang='lat' dir='ltr'><strong>in</strong></span> <span class='ocrx_word' id='word_1_58' title='bbox 1172 836 1313 899; x_wconf 85' lang='lat' dir='ltr'><strong>ulteriori</strong></span> <span class='ocrx_word' id='word_1_59' title='bbox 1336 837 1413 901; x_wconf 87' lang='lat' dir='ltr'><strong>libro</strong></span> <span class='ocrx_word' id='word_1_60' title='bbox 1439 842 1571 923; x_wconf 71' lang='lat' dir='ltr'><strong>qualitor</strong></span> 
     </span>
     <span class='ocr_line' id='line_1_7' title="bbox 62 928 1572 1007; baseline 0.005 -18"><span class='ocrx_word' id='word_1_61' title='bbox 62 944 161 1007; x_wconf 85' lang='lat' dir='ltr'><strong>neque</strong></span> <span class='ocrx_word' id='word_1_62' title='bbox 175 945 213 989; x_wconf 85' lang='lat' dir='ltr'><strong>ac</strong></span> <span class='ocrx_word' id='word_1_63' title='bbox 229 928 469 991; x_wconf 78' lang='lat' dir='ltr'><strong>humanissimus</strong></span> <span class='ocrx_word' id='word_1_64' title='bbox 478 930 512 991; x_wconf 86' lang='grc'><strong>4).</strong></span> <span class='ocrx_word' id='word_1_65' title='bbox 524 929 664 991; x_wconf 76' lang='lat' dir='ltr'><strong>nicolaus</strong></span> <span class='ocrx_word' id='word_1_66' title='bbox 673 928 711 989; x_wconf 89' lang='lat' dir='ltr'><strong>dc</strong></span> <span class='ocrx_word' id='word_1_67' title='bbox 722 932 794 990; x_wconf 88' lang='lat' dir='ltr'><strong>Fro-</strong></span> <span class='ocrx_word' id='word_1_68' title='bbox 846 931 962 995; x_wconf 87' lang='lat' dir='ltr'><strong>subditi</strong></span> <span class='ocrx_word' id='word_1_69' title='bbox 972 932 1066 994; x_wconf 87' lang='lat' dir='ltr'><strong>vitam</strong></span> <span class='ocrx_word' id='word_1_70' title='bbox 1079 929 1204 993; x_wconf 87' lang='lat' dir='ltr'><strong>debeant</strong></span> <span class='ocrx_word' id='word_1_71' title='bbox 1218 931 1374 994; x_wconf 78' lang='lat' dir='ltr'><strong>instituere</strong></span> <span class='ocrx_word' id='word_1_72' title='bbox 1385 931 1516 997; x_wconf 85' lang='lat' dir='ltr'><strong>breuiter</strong></span> <span class='ocrx_word' id='word_1_73' title='bbox 1526 935 1572 997; x_wconf 87' lang='lat' dir='ltr'><strong>in-</strong></span> 
     </span>
     <span class='ocr_line' id='line_1_8' title="bbox 64 1022 1570 1104; baseline 0.005 -22"><span class='ocrx_word' id='word_1_74' title='bbox 64 1024 149 1085; x_wconf 84' lang='lat' dir='ltr'><strong>nosia</strong></span> <span class='ocrx_word' id='word_1_75' title='bbox 179 1024 392 1103; x_wconf 83' lang='lat' dir='ltr'><strong>Neapolitanus</strong></span> <span class='ocrx_word' id='word_1_76' title='bbox 422 1022 559 1085; x_wconf 89' lang='lat' dir='ltr'><strong>eiusdem</strong></span> <span class='ocrx_word' id='word_1_77' title='bbox 592 1022 793 1085; x_wconf 77' lang='lat' dir='ltr'><strong>Bibliothecae</strong></span> <span class='ocrx_word' id='word_1_78' title='bbox 846 1026 961 1104; x_wconf 81' lang='lat' dir='ltr'><strong>dapare</strong></span> <span class='ocrx_word' id='word_1_79' title='bbox 971 1033 1031 1087; x_wconf 81' lang='lat' dir='ltr'><strong>etc.</strong></span> <span class='ocrx_word' id='word_1_80' title='bbox 1047 1025 1137 1088; x_wconf 90' lang='lat' dir='ltr'><strong>Liber</strong></span> <span class='ocrx_word' id='word_1_81' title='bbox 1148 1026 1187 1087; x_wconf 82' lang='lat' dir='ltr'><strong>tx</strong></span> <span class='ocrx_word' id='word_1_82' title='bbox 1204 1024 1428 1104; x_wconf 85' lang='lat' dir='ltr'><strong>incipit:Liber</strong></span> <span class='ocrx_word' id='word_1_83' title='bbox 1442 1026 1498 1089; x_wconf 80' lang='lat' dir='ltr'><strong>iste</strong></span> <span class='ocrx_word' id='word_1_84' title='bbox 1510 1046 1570 1090; x_wconf 90' lang='lat' dir='ltr'><strong>me-</strong></span> 
     </span>
     <span class='ocr_line' id='line_1_9' title="bbox 62 1116 1572 1201; baseline 0.007 -24"><span class='ocrx_word' id='word_1_85' title='bbox 62 1124 169 1178; x_wconf 89' lang='lat' dir='ltr'><strong>custos</strong></span> <span class='ocrx_word' id='word_1_86' title='bbox 180 1116 456 1196; x_wconf 86' lang='lat' dir='ltr'><strong>primarius,evolvi</strong></span> <span class='ocrx_word' id='word_1_87' title='bbox 468 1117 553 1177; x_wconf 91' lang='lat' dir='ltr'><strong>ilium</strong></span> <span class='ocrx_word' id='word_1_88' title='bbox 565 1116 715 1178; x_wconf 90' lang='lat' dir='ltr'><strong>seduloac</strong></span> <span class='ocrx_word' id='word_1_89' title='bbox 727 1116 793 1178; x_wconf 81' lang='lat' dir='ltr'><strong>diti-</strong></span> <span class='ocrx_word' id='word_1_90' title='bbox 846 1118 986 1182; x_wconf 79' lang='grc'><strong>4444444444</strong></span> <span class='ocrx_word' id='word_1_91' title='bbox 1007 1116 1185 1181; x_wconf 67' lang='lat' dir='ltr'><strong>inscribitur</strong></span> <span class='ocrx_word' id='word_1_92' title='bbox 1201 1136 1234 1178; x_wconf 89' lang='lat' dir='ltr'><strong>eo</strong></span> <span class='ocrx_word' id='word_1_93' title='bbox 1250 1116 1331 1201; x_wconf 82' lang='lat' dir='ltr'><strong>quod</strong></span> <span class='ocrx_word' id='word_1_94' title='bbox 1350 1120 1572 1200; x_wconf 85' lang='lat' dir='ltr'><strong>oeprotanlium</strong></span> 
     </span>
     <span class='ocr_line' id='line_1_10' title="bbox 60 1210 1572 1290; baseline 0.006 -19"><span class='ocrx_word' id='word_1_95' title='bbox 60 1217 177 1288; x_wconf 73' lang='grc'><strong>44444444.</strong></span> <span class='ocrx_word' id='word_1_96' title='bbox 195 1211 386 1290; x_wconf 81' lang='lat' dir='ltr'><strong>Quamquam</strong></span> <span class='ocrx_word' id='word_1_97' title='bbox 402 1227 476 1271; x_wconf 90' lang='lat' dir='ltr'><strong>vero</strong></span> <span class='ocrx_word' id='word_1_98' title='bbox 492 1212 603 1290; x_wconf 79' lang='lat' dir='ltr'><strong>agnovi</strong></span> <span class='ocrx_word' id='word_1_99' title='bbox 620 1227 697 1289; x_wconf 92' lang='lat' dir='ltr'><strong>opus</strong></span> <span class='ocrx_word' id='word_1_100' title='bbox 717 1210 791 1272; x_wconf 90' lang='lat' dir='ltr'><strong>iliud</strong></span> <span class='ocrx_word' id='word_1_101' title='bbox 846 1214 974 1277; x_wconf 87' lang='lat' dir='ltr'><strong>continet</strong></span> <span class='ocrx_word' id='word_1_102' title='bbox 987 1212 1080 1275; x_wconf 89' lang='lat' dir='ltr'><strong>uaria</strong></span> <span class='ocrx_word' id='word_1_103' title='bbox 1095 1211 1311 1275; x_wconf 80' lang='lat' dir='ltr'><strong>mediconwntu</strong></span> <span class='ocrx_word' id='word_1_104' title='bbox 1325 1211 1499 1279; x_wconf 84' lang='lat' dir='ltr'><strong>animarum</strong></span> <span class='ocrx_word' id='word_1_105' title='bbox 1514 1221 1572 1281; x_wconf 85' lang='lat' dir='ltr'><strong>etc.</strong></span> 
     </span>
     <span class='ocr_line' id='line_1_11' title="bbox 60 1302 1569 1381; baseline 0.003 -16"><span class='ocrx_word' id='word_1_106' title='bbox 60 1305 218 1365; x_wconf 82' lang='lat' dir='ltr'><strong>Decretale</strong></span> <span class='ocrx_word' id='word_1_107' title='bbox 235 1302 790 1381; x_wconf 81' lang='lat' dir='ltr'><strong>in7librosdistingui,adbuctumen</strong></span> <span class='ocrx_word' id='word_1_108' title='bbox 845 1310 906 1370; x_wconf 89' lang='lat' dir='ltr'><strong>iste</strong></span> <span class='ocrx_word' id='word_1_109' title='bbox 924 1308 1000 1369; x_wconf 79' lang='lat' dir='ltr'><strong>torto</strong></span> <span class='ocrx_word' id='word_1_110' title='bbox 1023 1307 1098 1369; x_wconf 84' lang='lat' dir='ltr'><strong>liber</strong></span> <span class='ocrx_word' id='word_1_111' title='bbox 1114 1304 1301 1367; x_wconf 88' lang='lat' dir='ltr'><strong>medicinalis</strong></span> <span class='ocrx_word' id='word_1_112' title='bbox 1329 1306 1358 1365; x_wconf 91' lang='lat' dir='ltr'><strong>in</strong></span> <span class='ocrx_word' id='word_1_113' title='bbox 1387 1305 1446 1370; x_wconf 90' lang='lat' dir='ltr'><strong>duo</strong></span> <span class='ocrx_word' id='word_1_114' title='bbox 1462 1306 1569 1370; x_wconf 86' lang='lat' dir='ltr'><strong>distin-</strong></span> 
     </span>
     <span class='ocr_line' id='line_1_12' title="bbox 62 1394 1567 1481; baseline 0.006 -26"><span class='ocrx_word' id='word_1_115' title='bbox 62 1394 288 1459; x_wconf 85' lang='lat' dir='ltr'><strong>distinetionem</strong></span> <span class='ocrx_word' id='word_1_116' title='bbox 305 1397 385 1459; x_wconf 89' lang='lat' dir='ltr'><strong>illam</strong></span> <span class='ocrx_word' id='word_1_117' title='bbox 397 1397 540 1459; x_wconf 89' lang='lat' dir='ltr'><strong>librorum</strong></span> <span class='ocrx_word' id='word_1_118' title='bbox 552 1398 654 1458; x_wconf 90' lang='lat' dir='ltr'><strong>minus</strong></span> <span class='ocrx_word' id='word_1_119' title='bbox 666 1395 797 1475; x_wconf 72' lang='lat' dir='ltr'><strong>diligen.</strong></span> <span class='ocrx_word' id='word_1_120' title='bbox 844 1404 955 1481; x_wconf 80' lang='lat' dir='ltr'><strong>guitur,</strong></span> <span class='ocrx_word' id='word_1_121' title='bbox 966 1400 1040 1463; x_wconf 88' lang='lat' dir='ltr'><strong>nihil</strong></span> <span class='ocrx_word' id='word_1_122' title='bbox 1050 1401 1130 1461; x_wconf 88' lang='lat' dir='ltr'><strong>enim</strong></span> <span class='ocrx_word' id='word_1_123' title='bbox 1145 1396 1218 1460; x_wconf 89' lang='lat' dir='ltr'><strong>mihi</strong></span> <span class='ocrx_word' id='word_1_124' title='bbox 1233 1397 1314 1461; x_wconf 81' lang='lat' dir='ltr'><strong>dex</strong></span> <span class='ocrx_word' id='word_1_125' title='bbox 1332 1398 1496 1463; x_wconf 88' lang='lat' dir='ltr'><strong>indicatum</strong></span> <span class='ocrx_word' id='word_1_126' title='bbox 1510 1406 1567 1467; x_wconf 84' lang='lat' dir='ltr'><strong>est</strong></span> 
     </span>
     <span class='ocr_line' id='line_1_13' title="bbox 63 1490 1569 1569; baseline 0.005 -18"><span class='ocrx_word' id='word_1_127' title='bbox 63 1497 110 1551; x_wconf 87' lang='lat' dir='ltr'><strong>ter</strong></span> <span class='ocrx_word' id='word_1_128' title='bbox 128 1508 149 1553; x_wconf 85' lang='lat' dir='ltr'><strong>a</strong></span> <span class='ocrx_word' id='word_1_129' title='bbox 169 1490 287 1553; x_wconf 86' lang='lat' dir='ltr'><strong>librario</strong></span> <span class='ocrx_word' id='word_1_130' title='bbox 307 1491 481 1554; x_wconf 88' lang='lat' dir='ltr'><strong>adnotatam</strong></span> <span class='ocrx_word' id='word_1_131' title='bbox 503 1490 596 1553; x_wconf 87' lang='lat' dir='ltr'><strong>tuisse</strong></span> <span class='ocrx_word' id='word_1_132' title='bbox 618 1490 790 1569; x_wconf 83' lang='lat' dir='ltr'><strong>suspicatus</strong></span> <span class='ocrx_word' id='word_1_133' title='bbox 843 1498 929 1559; x_wconf 89' lang='lat' dir='ltr'><strong>Nunc</strong></span> <span class='ocrx_word' id='word_1_134' title='bbox 945 1495 985 1557; x_wconf 87' lang='lat' dir='ltr'><strong>de</strong></span> <span class='ocrx_word' id='word_1_135' title='bbox 999 1493 1221 1555; x_wconf 85' lang='lat' dir='ltr'><strong>vindobonensi</strong></span> <span class='ocrx_word' id='word_1_136' title='bbox 1235 1492 1381 1554; x_wconf 87' lang='lat' dir='ltr'><strong>dicamus.</strong></span> <span class='ocrx_word' id='word_1_137' title='bbox 1395 1492 1569 1559; x_wconf 90' lang='lat' dir='ltr'><strong>Primoom·</strong></span> 
     </span>
     <span class='ocr_line' id='line_1_14' title="bbox 62 1583 1569 1663; baseline -0.002 -13"><span class='ocrx_word' id='word_1_138' title='bbox 62 1600 144 1646; x_wconf 83' lang='lat' dir='ltr'><strong>sum·</strong></span> <span class='ocrx_word' id='word_1_139' title='bbox 157 1584 192 1645; x_wconf 87' lang='lat' dir='ltr'><strong>in</strong></span> <span class='ocrx_word' id='word_1_140' title='bbox 210 1583 271 1647; x_wconf 83' lang='lat' dir='ltr'><strong>tino</strong></span> <span class='ocrx_word' id='word_1_141' title='bbox 286 1586 367 1646; x_wconf 85' lang='lat' dir='ltr'><strong>enim</strong></span> <span class='ocrx_word' id='word_1_142' title='bbox 383 1583 501 1650; x_wconf 84' lang='lat' dir='ltr'><strong>Codicis</strong></span> <span class='ocrx_word' id='word_1_143' title='bbox 522 1584 596 1645; x_wconf 85' lang='lat' dir='ltr'><strong>haec</strong></span> <span class='ocrx_word' id='word_1_144' title='bbox 610 1584 678 1663; x_wconf 61' lang='lat' dir='ltr'><strong>legi-¹</strong></span> <span class='ocrx_word' id='word_1_145' title='bbox 690 1585 734 1643; x_wconf 80' lang='lat' dir='ltr'><strong>De</strong></span> <span class='ocrx_word' id='word_1_146' title='bbox 750 1583 789 1646; x_wconf 82' lang='grc'><strong>444</strong></span> <span class='ocrx_word' id='word_1_147' title='bbox 843 1592 928 1651; x_wconf 87' lang='lat' dir='ltr'><strong>nium</strong></span> <span class='ocrx_word' id='word_1_148' title='bbox 938 1586 1116 1651; x_wconf 85' lang='lat' dir='ltr'><strong>occurritibi</strong></span> <span class='ocrx_word' id='word_1_149' title='bbox 1126 1586 1218 1649; x_wconf 84' lang='lat' dir='ltr'><strong>breve</strong></span> <span class='ocrx_word' id='word_1_150' title='bbox 1228 1586 1569 1650; x_wconf 74' lang='lat' dir='ltr'><strong>ChronicooliomPon</strong></span> 
     </span>
     <span class='ocr_line' id='line_1_15' title="bbox 62 1675 1566 1763; baseline 0.003 -24"><span class='ocrx_word' id='word_1_151' title='bbox 62 1675 117 1759; x_wconf 82' lang='lat' dir='ltr'><strong>qui</strong></span> <span class='ocrx_word' id='word_1_152' title='bbox 124 1678 227 1758; x_wconf 74' lang='lat' dir='ltr'><strong>juata</strong></span> <span class='ocrx_word' id='word_1_153' title='bbox 245 1676 417 1759; x_wconf 73' lang='lat' dir='ltr'><strong>Apostolum</strong></span> <span class='ocrx_word' id='word_1_154' title='bbox 441 1676 550 1738; x_wconf 89' lang='lat' dir='ltr'><strong>traditi</strong></span> <span class='ocrx_word' id='word_1_155' title='bbox 563 1682 635 1738; x_wconf 88' lang='lat' dir='ltr'><strong>sunt</strong></span> <span class='ocrx_word' id='word_1_156' title='bbox 656 1679 789 1740; x_wconf 81' lang='grc'><strong>8444444444</strong></span> <span class='ocrx_word' id='word_1_157' title='bbox 843 1683 959 1744; x_wconf 81' lang='grc'><strong>4444444444</strong></span> <span class='ocrx_word' id='word_1_158' title='bbox 975 1698 1045 1746; x_wconf 91' lang='lat' dir='ltr'><strong>oum</strong></span> <span class='ocrx_word' id='word_1_159' title='bbox 1062 1697 1097 1742; x_wconf 85' lang='lat' dir='ltr'><strong>ea</strong></span> <span class='ocrx_word' id='word_1_160' title='bbox 1114 1680 1296 1761; x_wconf 70' lang='lat' dir='ltr'><strong>mactatione</strong></span> <span class='ocrx_word' id='word_1_161' title='bbox 1311 1696 1371 1758; x_wconf 89' lang='lat' dir='ltr'><strong>qua</strong></span> <span class='ocrx_word' id='word_1_162' title='bbox 1387 1680 1491 1763; x_wconf 91' lang='lat' dir='ltr'><strong>incipit</strong></span> <span class='ocrx_word' id='word_1_163' title='bbox 1504 1680 1566 1745; x_wconf 82' lang='lat' dir='ltr'><strong>Lib.</strong></span> 
     </span>
     <span class='ocr_line' id='line_1_16' title="bbox 61 1768 1569 1855; baseline 0.003 -25"><span class='ocrx_word' id='word_1_164' title='bbox 61 1788 107 1833; x_wconf 87' lang='lat' dir='ltr'><strong>ec.</strong></span> <span class='ocrx_word' id='word_1_165' title='bbox 124 1773 156 1833; x_wconf 91' lang='lat' dir='ltr'><strong>in</strong></span> <span class='ocrx_word' id='word_1_166' title='bbox 172 1774 273 1835; x_wconf 78' lang='lat' dir='ltr'><strong>Coena</strong></span> <span class='ocrx_word' id='word_1_167' title='bbox 294 1774 411 1835; x_wconf 83' lang='lat' dir='ltr'><strong>Domini</strong></span> <span class='ocrx_word' id='word_1_168' title='bbox 435 1773 473 1833; x_wconf 87' lang='lat' dir='ltr'><strong>ab</strong></span> <span class='ocrx_word' id='word_1_169' title='bbox 493 1773 639 1851; x_wconf 87' lang='lat' dir='ltr'><strong>Episcopo</strong></span> <span class='ocrx_word' id='word_1_170' title='bbox 664 1768 793 1833; x_wconf 81' lang='lat' dir='ltr'><strong>debeant</strong></span> <span class='ocrx_word' id='word_1_171' title='bbox 844 1778 884 1841; x_wconf 86' lang='lat' dir='ltr'><strong>lV</strong></span> <span class='ocrx_word' id='word_1_172' title='bbox 898 1775 1163 1838; x_wconf 79' lang='lat' dir='ltr'><strong>Godilrixiensis:</strong></span> <span class='ocrx_word' id='word_1_173' title='bbox 1178 1773 1357 1855; x_wconf 79' lang='lat' dir='ltr'><strong>Scripturus</strong></span> <span class='ocrx_word' id='word_1_174' title='bbox 1373 1770 1409 1834; x_wconf 79' lang='lat' dir='ltr'><strong>de</strong></span> <span class='ocrx_word' id='word_1_175' title='bbox 1421 1769 1569 1836; x_wconf 68' lang='grc'><strong>4444444444·</strong></span> 
     </span>
     <span class='ocr_line' id='line_1_17' title="bbox 61 1858 1566 1947; baseline 0.002 -20"><span class='ocrx_word' id='word_1_176' title='bbox 61 1864 299 1927; x_wconf 76' lang='lat' dir='ltr'><strong>remnedrariin</strong></span> <span class='ocrx_word' id='word_1_177' title='bbox 309 1883 385 1926; x_wconf 89' lang='lat' dir='ltr'><strong>nono</strong></span> <span class='ocrx_word' id='word_1_178' title='bbox 399 1862 476 1926; x_wconf 88' lang='lat' dir='ltr'><strong>libr&#39;o</strong></span> <span class='ocrx_word' id='word_1_179' title='bbox 492 1865 521 1928; x_wconf 87' lang='lat' dir='ltr'><strong>si</strong></span> <span class='ocrx_word' id='word_1_180' title='bbox 535 1864 600 1928; x_wconf 87' lang='lat' dir='ltr'><strong>vita</strong></span> <span class='ocrx_word' id='word_1_181' title='bbox 612 1882 710 1927; x_wconf 87' lang='lat' dir='ltr'><strong>comes</strong></span> <span class='ocrx_word' id='word_1_182' title='bbox 724 1864 792 1947; x_wconf 73' lang='lat' dir='ltr'><strong>[ue-</strong></span> <span class='ocrx_word' id='word_1_183' title='bbox 845 1871 888 1943; x_wconf 84' lang='lat' dir='ltr'><strong>tia</strong></span> <span class='ocrx_word' id='word_1_184' title='bbox 907 1873 989 1933; x_wconf 83' lang='lat' dir='ltr'><strong>Rem.</strong></span> <span class='ocrx_word' id='word_1_185' title='bbox 1004 1865 1166 1929; x_wconf 75' lang='lat' dir='ltr'><strong>Ecclesiae.</strong></span> <span class='ocrx_word' id='word_1_186' title='bbox 1183 1858 1327 1929; x_wconf 79' lang='lat' dir='ltr'><strong>Continet</strong></span> <span class='ocrx_word' id='word_1_187' title='bbox 1343 1868 1482 1928; x_wconf 79' lang='lat' dir='ltr'><strong>canones</strong></span> <span class='ocrx_word' id='word_1_188' title='bbox 1497 1869 1566 1931; x_wconf 71' lang='grc'><strong>448.</strong></span> 
     </span>
     <span class='ocr_line' id='line_1_18' title="bbox 62 1957 1569 2040; baseline -0.001 -19"><span class='ocrx_word' id='word_1_189' title='bbox 62 1959 118 2034; x_wconf 86' lang='lat' dir='ltr'><strong>rit,</strong></span> <span class='ocrx_word' id='word_1_190' title='bbox 127 1957 249 2040; x_wconf 74' lang='lat' dir='ltr'><strong>plenium</strong></span> <span class='ocrx_word' id='word_1_191' title='bbox 264 1958 426 2021; x_wconf 79' lang='lat' dir='ltr'><strong>enarrabo.</strong></span> <span class='ocrx_word' id='word_1_192' title='bbox 447 1961 542 2037; x_wconf 80' lang='lat' dir='ltr'><strong>igitur</strong></span> <span class='ocrx_word' id='word_1_193' title='bbox 562 1961 581 2020; x_wconf 90' lang='lat'>8</span> <span class='ocrx_word' id='word_1_194' title='bbox 602 1960 711 2022; x_wconf 89' lang='lat' dir='ltr'><strong>librum</strong></span> <span class='ocrx_word' id='word_1_195' title='bbox 725 1958 788 2038; x_wconf 86' lang='lat' dir='ltr'><strong>jam</strong></span> <span class='ocrx_word' id='word_1_196' title='bbox 844 1967 963 2029; x_wconf 87' lang='lat' dir='ltr'><strong>Primus</strong></span> <span class='ocrx_word' id='word_1_197' title='bbox 978 1961 1164 2024; x_wconf 83' lang='lat' dir='ltr'><strong>inscribitur:</strong></span> <span class='ocrx_word' id='word_1_198' title='bbox 1183 1960 1225 2021; x_wconf 84' lang='lat' dir='ltr'><strong>Pe</strong></span> <span class='ocrx_word' id='word_1_199' title='bbox 1238 1959 1375 2040; x_wconf 90' lang='lat' dir='ltr'><strong>primatu</strong></span> <span class='ocrx_word' id='word_1_200' title='bbox 1390 1964 1421 2021; x_wconf 85' lang='grc'><strong>44</strong></span> <span class='ocrx_word' id='word_1_201' title='bbox 1433 1957 1569 2023; x_wconf 77' lang='grc'><strong>444444444-</strong></span> 
     </span>
     <span class='ocr_line' id='line_1_19' title="bbox 61 2051 1568 2136; baseline -0.001 -21"><span class='ocrx_word' id='word_1_202' title='bbox 61 2054 299 2117; x_wconf 78' lang='lat' dir='ltr'><strong>absolveratiix</strong></span> <span class='ocrx_word' id='word_1_203' title='bbox 311 2072 372 2133; x_wconf 92' lang='lat' dir='ltr'><strong>quo</strong></span> <span class='ocrx_word' id='word_1_204' title='bbox 383 2054 427 2130; x_wconf 84' lang='grc'><strong>444,</strong></span> <span class='ocrx_word' id='word_1_205' title='bbox 441 2060 475 2115; x_wconf 90' lang='lat' dir='ltr'><strong>ut</strong></span> <span class='ocrx_word' id='word_1_206' title='bbox 485 2055 537 2132; x_wconf 93' lang='lat' dir='ltr'><strong>qui</strong></span> <span class='ocrx_word' id='word_1_207' title='bbox 547 2053 642 2113; x_wconf 82' lang='lat' dir='ltr'><strong>codex</strong></span> <span class='ocrx_word' id='word_1_208' title='bbox 654 2057 684 2112; x_wconf 90' lang='lat' dir='ltr'><strong>in</strong></span> <span class='ocrx_word' id='word_1_209' title='bbox 697 2053 788 2115; x_wconf 84' lang='lat' dir='ltr'><strong>libros</strong></span> <span class='ocrx_word' id='word_1_210' title='bbox 842 2064 901 2120; x_wconf 85' lang='lat' dir='ltr'><strong>tote</strong></span> <span class='ocrx_word' id='word_1_211' title='bbox 911 2052 1098 2136; x_wconf 81' lang='lat' dir='ltr'><strong>Apostolieae</strong></span> <span class='ocrx_word' id='word_1_212' title='bbox 1112 2051 1207 2116; x_wconf 85' lang='lat' dir='ltr'><strong>Sedis.</strong></span> <span class='ocrx_word' id='word_1_213' title='bbox 1223 2053 1286 2117; x_wconf 88' lang='lat' dir='ltr'><strong>Lib.</strong></span> <span class='ocrx_word' id='word_1_214' title='bbox 1301 2053 1327 2114; x_wconf 88' lang='lat' dir='ltr'><strong>li</strong></span> <span class='ocrx_word' id='word_1_215' title='bbox 1344 2053 1433 2131; x_wconf 92' lang='lat' dir='ltr'><strong>primi</strong></span> <span class='ocrx_word' id='word_1_216' title='bbox 1443 2053 1568 2114; x_wconf 90' lang='lat' dir='ltr'><strong>canonis</strong></span> 
     </span>
     <span class='ocr_line' id='line_1_20' title="bbox 61 2143 1568 2228; baseline 0 -21"><span class='ocrx_word' id='word_1_217' title='bbox 61 2147 301 2226; x_wconf 67' lang='lat' dir='ltr'><strong>wiccingorum,</strong></span> <span class='ocrx_word' id='word_1_218' title='bbox 311 2148 454 2210; x_wconf 89' lang='lat' dir='ltr'><strong>librorum</strong></span> <span class='ocrx_word' id='word_1_219' title='bbox 468 2164 612 2209; x_wconf 83' lang='lat' dir='ltr'><strong>numeros</strong></span> <span class='ocrx_word' id='word_1_220' title='bbox 626 2146 787 2209; x_wconf 83' lang='lat' dir='ltr'><strong>mendosos</strong></span> <span class='ocrx_word' id='word_1_221' title='bbox 841 2151 965 2214; x_wconf 88' lang='lat' dir='ltr'><strong>titulum</strong></span> <span class='ocrx_word' id='word_1_222' title='bbox 979 2149 1061 2209; x_wconf 92' lang='lat' dir='ltr'><strong>hunc</strong></span> <span class='ocrx_word' id='word_1_223' title='bbox 1077 2145 1265 2227; x_wconf 76' lang='lat' dir='ltr'><strong>praefertile</strong></span> <span class='ocrx_word' id='word_1_224' title='bbox 1280 2143 1326 2206; x_wconf 85' lang='lat' dir='ltr'><strong>bis</strong></span> <span class='ocrx_word' id='word_1_225' title='bbox 1343 2143 1398 2225; x_wconf 84' lang='lat' dir='ltr'><strong>qui</strong></span> <span class='ocrx_word' id='word_1_226' title='bbox 1408 2144 1568 2228; x_wconf 72' lang='lat' dir='ltr'><strong>Episcopo-</strong></span> 
     </span>
     <span class='ocr_line' id='line_1_21' title="bbox 61 2238 1568 2319; baseline -0.003 -16"><span class='ocrx_word' id='word_1_227' title='bbox 61 2241 181 2303; x_wconf 85' lang='lat' dir='ltr'><strong>babeat.</strong></span> <span class='ocrx_word' id='word_1_228' title='bbox 199 2241 300 2304; x_wconf 85' lang='lat' dir='ltr'><strong>Codex</strong></span> <span class='ocrx_word' id='word_1_229' title='bbox 316 2243 394 2303; x_wconf 83' lang='lat' dir='ltr'><strong>altor</strong></span> <span class='ocrx_word' id='word_1_230' title='bbox 409 2243 594 2303; x_wconf 81' lang='lat' dir='ltr'><strong>collectionis</strong></span> <span class='ocrx_word' id='word_1_231' title='bbox 620 2240 712 2302; x_wconf 87' lang='lat' dir='ltr'><strong>huius</strong></span> <span class='ocrx_word' id='word_1_232' title='bbox 730 2241 789 2302; x_wconf 86' lang='lat' dir='ltr'><strong>Ca·</strong></span> <span class='ocrx_word' id='word_1_233' title='bbox 842 2262 913 2317; x_wconf 82' lang='lat' dir='ltr'><strong>rum</strong></span> <span class='ocrx_word' id='word_1_234' title='bbox 929 2241 1013 2305; x_wconf 81' lang='lat' dir='ltr'><strong>sedes</strong></span> <span class='ocrx_word' id='word_1_235' title='bbox 1034 2238 1189 2302; x_wconf 75' lang='lat' dir='ltr'><strong>mondum.</strong></span> <span class='ocrx_word' id='word_1_236' title='bbox 1208 2245 1281 2301; x_wconf 89' lang='lat' dir='ltr'><strong>sunt</strong></span> <span class='ocrx_word' id='word_1_237' title='bbox 1304 2239 1401 2319; x_wconf 87' lang='lat' dir='ltr'><strong>capita</strong></span> <span class='ocrx_word' id='word_1_238' title='bbox 1424 2239 1471 2299; x_wconf 81' lang='grc'><strong>44.</strong></span> <span class='ocrx_word' id='word_1_239' title='bbox 1492 2256 1568 2319; x_wconf 81' lang='lat' dir='ltr'><strong>quo-</strong></span> 
     </span>
     <span class='ocr_line' id='line_1_22' title="bbox 61 2330 1568 2416; baseline -0.003 -19"><span class='ocrx_word' id='word_1_240' title='bbox 61 2337 188 2399; x_wconf 79' lang='lat' dir='ltr'><strong>nonicao</strong></span> <span class='ocrx_word' id='word_1_241' title='bbox 202 2353 222 2397; x_wconf 90' lang='lat' dir='ltr'><strong>a</strong></span> <span class='ocrx_word' id='word_1_242' title='bbox 237 2337 353 2398; x_wconf 85' lang='lat' dir='ltr'><strong>Bonitio</strong></span> <span class='ocrx_word' id='word_1_243' title='bbox 375 2336 530 2397; x_wconf 86' lang='lat' dir='ltr'><strong>conlectae</strong></span> <span class='ocrx_word' id='word_1_244' title='bbox 547 2350 606 2394; x_wconf 93' lang='lat' dir='ltr'><strong>non</strong></span> <span class='ocrx_word' id='word_1_245' title='bbox 623 2340 695 2395; x_wconf 85' lang='lat' dir='ltr'><strong>unte</strong></span> <span class='ocrx_word' id='word_1_246' title='bbox 711 2334 787 2396; x_wconf 86' lang='lat' dir='ltr'><strong>mui-</strong></span> <span class='ocrx_word' id='word_1_247' title='bbox 843 2355 911 2400; x_wconf 91' lang='lat' dir='ltr'><strong>rum</strong></span> <span class='ocrx_word' id='word_1_248' title='bbox 924 2342 1112 2416; x_wconf 88' lang='lat' dir='ltr'><strong>postremum</strong></span> <span class='ocrx_word' id='word_1_249' title='bbox 1122 2333 1194 2393; x_wconf 86' lang='lat' dir='ltr'><strong>tert:</strong></span> <span class='ocrx_word' id='word_1_250' title='bbox 1207 2331 1352 2411; x_wconf 80' lang='lat' dir='ltr'><strong>Greporio</strong></span> <span class='ocrx_word' id='word_1_251' title='bbox 1366 2330 1483 2393; x_wconf 86' lang='lat' dir='ltr'><strong>Leontio</strong></span> <span class='ocrx_word' id='word_1_252' title='bbox 1494 2330 1568 2413; x_wconf 90' lang='lat' dir='ltr'><strong>Epi-</strong></span> 
     </span>
     <span class='ocr_line' id='line_1_23' title="bbox 57 2421 1564 2511; baseline -0.002 -23"><span class='ocrx_word' id='word_1_253' title='bbox 57 2437 222 2491; x_wconf 85' lang='lat' dir='ltr'><strong>tos·annos</strong></span> <span class='ocrx_word' id='word_1_254' title='bbox 238 2436 378 2508; x_wconf 85' lang='lat' dir='ltr'><strong>repertus</strong></span> <span class='ocrx_word' id='word_1_255' title='bbox 394 2436 443 2489; x_wconf 88' lang='lat' dir='ltr'><strong>est</strong></span> <span class='ocrx_word' id='word_1_256' title='bbox 459 2428 596 2503; x_wconf 83' lang='lat' dir='ltr'><strong>Brixiae,</strong></span> <span class='ocrx_word' id='word_1_257' title='bbox 613 2430 648 2488; x_wconf 91' lang='lat' dir='ltr'><strong>ut</strong></span> <span class='ocrx_word' id='word_1_258' title='bbox 665 2441 713 2489; x_wconf 89' lang='lat' dir='ltr'><strong>me</strong></span> <span class='ocrx_word' id='word_1_259' title='bbox 733 2427 790 2488; x_wconf 88' lang='lat' dir='ltr'><strong>du·</strong></span> <span class='ocrx_word' id='word_1_260' title='bbox 843 2448 930 2511; x_wconf 82' lang='lat' dir='ltr'><strong>scopo</strong></span> <span class='ocrx_word' id='word_1_261' title='bbox 946 2447 994 2509; x_wconf 86' lang='lat' dir='ltr'><strong>ep.</strong></span> <span class='ocrx_word' id='word_1_262' title='bbox 1007 2429 1047 2491; x_wconf 79' lang='grc'><strong>94</strong></span> <span class='ocrx_word' id='word_1_263' title='bbox 1063 2427 1104 2488; x_wconf 87' lang='lat' dir='ltr'><strong>lib</strong></span> <span class='ocrx_word' id='word_1_264' title='bbox 1119 2428 1146 2487; x_wconf 80' lang='grc'><strong>3.</strong></span> <span class='ocrx_word' id='word_1_265' title='bbox 1163 2425 1340 2488; x_wconf 76' lang='lat' dir='ltr'><strong>castoreum</strong></span> <span class='ocrx_word' id='word_1_266' title='bbox 1354 2421 1492 2505; x_wconf 70' lang='lat' dir='ltr'><strong>fratrem.</strong></span> <span class='ocrx_word' id='word_1_267' title='bbox 1503 2425 1564 2486; x_wconf 86' lang='lat' dir='ltr'><strong>Lib.</strong></span> 
     </span>
     <span class='ocr_line' id='line_1_24' title="bbox 57 2515 1567 2604; baseline -0.007 -19"><span class='ocrx_word' id='word_1_268' title='bbox 57 2523 132 2585; x_wconf 89' lang='lat' dir='ltr'><strong>dum</strong></span> <span class='ocrx_word' id='word_1_269' title='bbox 149 2516 307 2585; x_wconf 80' lang='lat' dir='ltr'><strong>admonuit</strong></span> <span class='ocrx_word' id='word_1_270' title='bbox 320 2540 378 2603; x_wconf 89' lang='lat' dir='ltr'><strong>per</strong></span> <span class='ocrx_word' id='word_1_271' title='bbox 394 2523 498 2583; x_wconf 81' lang='lat' dir='ltr'><strong>literas</strong></span> <span class='ocrx_word' id='word_1_272' title='bbox 525 2523 574 2582; x_wconf 86' lang='lat' dir='ltr'><strong>vir</strong></span> <span class='ocrx_word' id='word_1_273' title='bbox 593 2518 789 2582; x_wconf 84' lang='lat' dir='ltr'><strong>doct-issimus</strong></span> <span class='ocrx_word' id='word_1_274' title='bbox 843 2528 884 2588; x_wconf 82' lang='lat'><strong>111</strong></span> <span class='ocrx_word' id='word_1_275' title='bbox 905 2525 993 2604; x_wconf 81' lang='lat' dir='ltr'><strong>primi</strong></span> <span class='ocrx_word' id='word_1_276' title='bbox 1014 2522 1138 2584; x_wconf 83' lang='lat' dir='ltr'><strong>canonis</strong></span> <span class='ocrx_word' id='word_1_277' title='bbox 1159 2519 1267 2579; x_wconf 88' lang='lat' dir='ltr'><strong>titulus</strong></span> <span class='ocrx_word' id='word_1_278' title='bbox 1284 2518 1341 2577; x_wconf 89' lang='lat' dir='ltr'><strong>isto</strong></span> <span class='ocrx_word' id='word_1_279' title='bbox 1355 2537 1361 2577; x_wconf 95' lang='lat'>:</span> <span class='ocrx_word' id='word_1_280' title='bbox 1376 2515 1432 2598; x_wconf 83' lang='lat' dir='ltr'><strong>qui</strong></span> <span class='ocrx_word' id='word_1_281' title='bbox 1448 2515 1492 2577; x_wconf 90' lang='lat' dir='ltr'><strong>ad</strong></span> <span class='ocrx_word' id='word_1_282' title='bbox 1510 2516 1567 2579; x_wconf 85' lang='lat' dir='ltr'><strong>ole-</strong></span> 
     </span>
     <span class='ocr_line' id='line_1_25' title="bbox 58 2607 1570 2695; baseline -0.003 -18"><span class='ocrx_word' id='word_1_283' title='bbox 58 2619 91 2678; x_wconf 91' lang='lat' dir='ltr'><strong>P.</strong></span> <span class='ocrx_word' id='word_1_284' title='bbox 106 2618 156 2678; x_wconf 89' lang='lat' dir='ltr'><strong>lo.</strong></span> <span class='ocrx_word' id='word_1_285' title='bbox 172 2615 277 2679; x_wconf 77' lang='lat' dir='ltr'><strong>Ambr.</strong></span> <span class='ocrx_word' id='word_1_286' title='bbox 294 2616 463 2695; x_wconf 82' lang='lat' dir='ltr'><strong>Grudonigo</strong></span> <span class='ocrx_word' id='word_1_287' title='bbox 479 2615 664 2691; x_wconf 74' lang='lat' dir='ltr'><strong>theatinus,</strong></span> <span class='ocrx_word' id='word_1_288' title='bbox 680 2615 732 2692; x_wconf 91' lang='lat' dir='ltr'><strong>qui</strong></span> <span class='ocrx_word' id='word_1_289' title='bbox 750 2617 790 2675; x_wconf 89' lang='lat' dir='ltr'><strong>si·</strong></span> <span class='ocrx_word' id='word_1_290' title='bbox 841 2636 913 2681; x_wconf 84' lang='lat' dir='ltr'><strong>rum</strong></span> <span class='ocrx_word' id='word_1_291' title='bbox 928 2614 977 2680; x_wconf 79' lang='lat' dir='ltr'><strong>vel</strong></span> <span class='ocrx_word' id='word_1_292' title='bbox 988 2613 1031 2677; x_wconf 91' lang='lat' dir='ltr'><strong>ad</strong></span> <span class='ocrx_word' id='word_1_293' title='bbox 1043 2611 1161 2694; x_wconf 62' lang='lat' dir='ltr'><strong>maduo</strong></span> <span class='ocrx_word' id='word_1_294' title='bbox 1171 2608 1384 2673; x_wconf 85' lang='lat' dir='ltr'><strong>ecclesiasticos</strong></span> <span class='ocrx_word' id='word_1_295' title='bbox 1393 2607 1570 2689; x_wconf 82' lang='lat' dir='ltr'><strong>admittendi</strong></span> 
     </span>
     <span class='ocr_line' id='line_1_26' title="bbox 58 2704 1569 2787; baseline -0.005 -16"><span class='ocrx_word' id='word_1_296' title='bbox 58 2711 123 2773; x_wconf 92' lang='lat' dir='ltr'><strong>mul</strong></span> <span class='ocrx_word' id='word_1_297' title='bbox 145 2712 229 2773; x_wconf 86' lang='lat' dir='ltr'><strong>misit</strong></span> <span class='ocrx_word' id='word_1_298' title='bbox 248 2712 341 2787; x_wconf 77' lang='lat' dir='ltr'><strong>breye</strong></span> <span class='ocrx_word' id='word_1_299' title='bbox 356 2710 492 2773; x_wconf 85' lang='lat' dir='ltr'><strong>eiusdem</strong></span> <span class='ocrx_word' id='word_1_300' title='bbox 513 2708 656 2784; x_wconf 82' lang='lat' dir='ltr'><strong>schema,</strong></span> <span class='ocrx_word' id='word_1_301' title='bbox 672 2725 711 2769; x_wconf 79' lang='lat' dir='ltr'><strong>es</strong></span> <span class='ocrx_word' id='word_1_302' title='bbox 728 2725 789 2787; x_wconf 90' lang='lat' dir='ltr'><strong>quo</strong></span> <span class='ocrx_word' id='word_1_303' title='bbox 840 2730 900 2775; x_wconf 84' lang='lat' dir='ltr'><strong>nan</strong></span> <span class='ocrx_word' id='word_1_304' title='bbox 914 2715 996 2773; x_wconf 81' lang='lat' dir='ltr'><strong>sunt</strong></span> <span class='ocrx_word' id='word_1_305' title='bbox 1015 2709 1078 2771; x_wconf 80' lang='lat' dir='ltr'><strong>Nisi</strong></span> <span class='ocrx_word' id='word_1_306' title='bbox 1092 2724 1160 2768; x_wconf 90' lang='lat' dir='ltr'><strong>mea</strong></span> <span class='ocrx_word' id='word_1_307' title='bbox 1176 2723 1225 2766; x_wconf 91' lang='lat' dir='ltr'><strong>me</strong></span> <span class='ocrx_word' id='word_1_308' title='bbox 1242 2704 1317 2766; x_wconf 86' lang='lat' dir='ltr'><strong>iailit</strong></span> <span class='ocrx_word' id='word_1_309' title='bbox 1336 2704 1507 2765; x_wconf 86' lang='lat' dir='ltr'><strong>coniectura</strong></span> <span class='ocrx_word' id='word_1_310' title='bbox 1535 2705 1569 2764; x_wconf 89' lang='lat' dir='ltr'><strong>ii-</strong></span> 
     </span>
     <span class='ocr_line' id='line_1_27' title="bbox 58 2797 1569 2882; baseline -0.005 -15"><span class='ocrx_word' id='word_1_311' title='bbox 58 2806 133 2867; x_wconf 86' lang='lat' dir='ltr'><strong>mihi</strong></span> <span class='ocrx_word' id='word_1_312' title='bbox 150 2806 222 2866; x_wconf 90' lang='lat' dir='ltr'><strong>licet</strong></span> <span class='ocrx_word' id='word_1_313' title='bbox 238 2805 310 2868; x_wconf 89' lang='lat' dir='ltr'><strong>illud</strong></span> <span class='ocrx_word' id='word_1_314' title='bbox 329 2813 494 2882; x_wconf 87' lang='lat' dir='ltr'><strong>utcumque</strong></span> <span class='ocrx_word' id='word_1_315' title='bbox 511 2805 646 2864; x_wconf 83' lang='lat' dir='ltr'><strong>conterre</strong></span> <span class='ocrx_word' id='word_1_316' title='bbox 662 2818 733 2863; x_wconf 91' lang='lat' dir='ltr'><strong>cum</strong></span> <span class='ocrx_word' id='word_1_317' title='bbox 744 2802 789 2863; x_wconf 88' lang='lat' dir='ltr'><strong>at·</strong></span> <span class='ocrx_word' id='word_1_318' title='bbox 843 2807 928 2868; x_wconf 86' lang='lat' dir='ltr'><strong>broV</strong></span> <span class='ocrx_word' id='word_1_319' title='bbox 939 2803 1088 2868; x_wconf 83' lang='lat' dir='ltr'><strong>Brixiensi</strong></span> <span class='ocrx_word' id='word_1_320' title='bbox 1105 2797 1286 2879; x_wconf 61' lang='lat' dir='ltr'><strong>respondem</strong></span> <span class='ocrx_word' id='word_1_321' title='bbox 1305 2799 1380 2859; x_wconf 88' lang='lat' dir='ltr'><strong>torte</strong></span> <span class='ocrx_word' id='word_1_322' title='bbox 1394 2803 1496 2858; x_wconf 86' lang='lat' dir='ltr'><strong>tamen</strong></span> <span class='ocrx_word' id='word_1_323' title='bbox 1507 2813 1569 2860; x_wconf 84' lang='lat' dir='ltr'><strong>me-</strong></span> 
     </span>
     <span class='ocr_line' id='line_1_28' title="bbox 58 2889 1567 2975; baseline -0.01 -10"><span class='ocrx_word' id='word_1_324' title='bbox 58 2909 125 2965; x_wconf 78' lang='lat' dir='ltr'><strong>tere</strong></span> <span class='ocrx_word' id='word_1_325' title='bbox 152 2898 374 2963; x_wconf 70' lang='lat' dir='ltr'><strong>vindobonensi</strong></span> <span class='ocrx_word' id='word_1_326' title='bbox 395 2895 518 2972; x_wconf 88' lang='lat' dir='ltr'><strong>Codice,</strong></span> <span class='ocrx_word' id='word_1_327' title='bbox 538 2894 618 2975; x_wconf 91' lang='lat' dir='ltr'><strong>quod</strong></span> <span class='ocrx_word' id='word_1_328' title='bbox 643 2911 788 2975; x_wconf 80' lang='lat' dir='ltr'><strong>praesens</strong></span> <span class='ocrx_word' id='word_1_329' title='bbox 843 2903 902 2964; x_wconf 88' lang='lat' dir='ltr'><strong>lius</strong></span> <span class='ocrx_word' id='word_1_330' title='bbox 919 2900 959 2961; x_wconf 90' lang='lat' dir='ltr'><strong>iili</strong></span> <span class='ocrx_word' id='word_1_331' title='bbox 975 2897 1112 2973; x_wconf 77' lang='lat' dir='ltr'><strong>congruit</strong></span> <span class='ocrx_word' id='word_1_332' title='bbox 1127 2894 1202 2955; x_wconf 82' lang='lat' dir='ltr'><strong>iiber</strong></span> <span class='ocrx_word' id='word_1_333' title='bbox 1228 2893 1363 2970; x_wconf 85' lang='lat' dir='ltr'><strong>proximo</strong></span> <span class='ocrx_word' id='word_1_334' title='bbox 1379 2889 1567 2962; x_wconf 86' lang='lat' dir='ltr'><strong>succedens,</strong></span> 
     </span>
     <span class='ocr_line' id='line_1_29' title="bbox 58 2982 1569 3072; baseline -0.009 -17"><span class='ocrx_word' id='word_1_335' title='bbox 58 2995 161 3057; x_wconf 90' lang='lat' dir='ltr'><strong>invisi.</strong></span> <span class='ocrx_word' id='word_1_336' title='bbox 176 2995 345 3071; x_wconf 87' lang='lat' dir='ltr'><strong>Utrumque</strong></span> <span class='ocrx_word' id='word_1_337' title='bbox 355 2992 451 3053; x_wconf 86' lang='lat' dir='ltr'><strong>oculis</strong></span> <span class='ocrx_word' id='word_1_338' title='bbox 461 2991 607 3053; x_wconf 88' lang='lat' dir='ltr'><strong>lectorum</strong></span> <span class='ocrx_word' id='word_1_339' title='bbox 621 2990 787 3050; x_wconf 91' lang='lat' dir='ltr'><strong>subiiciam.</strong></span> <span class='ocrx_word' id='word_1_340' title='bbox 843 2994 881 3055; x_wconf 78' lang='lat' dir='ltr'><strong>de</strong></span> <span class='ocrx_word' id='word_1_341' title='bbox 897 3011 957 3072; x_wconf 91' lang='lat' dir='ltr'><strong>quo</strong></span> <span class='ocrx_word' id='word_1_342' title='bbox 971 2991 1083 3053; x_wconf 86' lang='lat' dir='ltr'><strong>statim.</strong></span> <span class='ocrx_word' id='word_1_343' title='bbox 1099 2989 1133 3048; x_wconf 92' lang='lat' dir='ltr'><strong>ln</strong></span> <span class='ocrx_word' id='word_1_344' title='bbox 1151 2985 1207 3045; x_wconf 87' lang='lat' dir='ltr'><strong>hoc</strong></span> <span class='ocrx_word' id='word_1_345' title='bbox 1222 2984 1327 3045; x_wconf 73' lang='lat' dir='ltr'><strong>libret}</strong></span> <span class='ocrx_word' id='word_1_346' title='bbox 1342 2989 1415 3045; x_wconf 90' lang='lat' dir='ltr'><strong>sunt</strong></span> <span class='ocrx_word' id='word_1_347' title='bbox 1428 2982 1569 3043; x_wconf 84' lang='lat' dir='ltr'><strong>canones</strong></span> 
     </span>
     <span class='ocr_line' id='line_1_30' title="bbox 58 3072 1570 3164; baseline -0.011 -12"><span class='ocrx_word' id='word_1_348' title='bbox 58 3086 163 3152; x_wconf 79' lang='lat' dir='ltr'><strong>codor</strong></span> <span class='ocrx_word' id='word_1_349' title='bbox 178 3087 345 3153; x_wconf 76' lang='lat' dir='ltr'><strong>liriniensis</strong></span> <span class='ocrx_word' id='word_1_350' title='bbox 363 3102 422 3147; x_wconf 89' lang='lat' dir='ltr'><strong>una</strong></span> <span class='ocrx_word' id='word_1_351' title='bbox 444 3083 559 3164; x_wconf 83' lang='lat' dir='ltr'><strong>pagella</strong></span> <span class='ocrx_word' id='word_1_352' title='bbox 585 3084 615 3142; x_wconf 93' lang='lat' dir='ltr'><strong>in</strong></span> <span class='ocrx_word' id='word_1_353' title='bbox 642 3082 786 3161; x_wconf 86' lang='lat' dir='ltr'><strong>principio</strong></span> <span class='ocrx_word' id='word_1_354' title='bbox 843 3088 882 3146; x_wconf 85' lang='lat'><strong>86</strong></span> <span class='ocrx_word' id='word_1_355' title='bbox 902 3102 937 3146; x_wconf 88' lang='lat' dir='ltr'><strong>ac</strong></span> <span class='ocrx_word' id='word_1_356' title='bbox 953 3082 1096 3163; x_wconf 78' lang='lat' dir='ltr'><strong>postremi</strong></span> <span class='ocrx_word' id='word_1_357' title='bbox 1110 3077 1218 3138; x_wconf 87' lang='lat' dir='ltr'><strong>titulus</strong></span> <span class='ocrx_word' id='word_1_358' title='bbox 1237 3078 1309 3136; x_wconf 89' lang='lat' dir='ltr'><strong>iste:</strong></span> <span class='ocrx_word' id='word_1_359' title='bbox 1324 3074 1361 3135; x_wconf 86' lang='lat' dir='ltr'><strong>de</strong></span> <span class='ocrx_word' id='word_1_360' title='bbox 1381 3072 1501 3136; x_wconf 80' lang='lat' dir='ltr'><strong>clericis</strong></span> <span class='ocrx_word' id='word_1_361' title='bbox 1519 3072 1570 3137; x_wconf 69' lang='lat' dir='ltr'><strong>de</strong></span> 
     </span>
     <span class='ocr_line' id='line_1_31' title="bbox 59 3165 1568 3256; baseline -0.014 -11"><span class='ocrx_word' id='word_1_362' title='bbox 59 3197 190 3245; x_wconf 87' lang='lat' dir='ltr'><strong>manens</strong></span> <span class='ocrx_word' id='word_1_363' title='bbox 205 3183 239 3241; x_wconf 91' lang='lat' dir='ltr'><strong>io</strong></span> <span class='ocrx_word' id='word_1_364' title='bbox 252 3181 282 3241; x_wconf 85' lang='lat' dir='ltr'><strong>X</strong></span> <span class='ocrx_word' id='word_1_365' title='bbox 297 3176 389 3241; x_wconf 89' lang='lat' dir='ltr'><strong>libros</strong></span> <span class='ocrx_word' id='word_1_366' title='bbox 405 3177 595 3256; x_wconf 82' lang='lat' dir='ltr'><strong>dispescitur,</strong></span> <span class='ocrx_word' id='word_1_367' title='bbox 607 3177 637 3234; x_wconf 91' lang='lat' dir='ltr'><strong>in</strong></span> <span class='ocrx_word' id='word_1_368' title='bbox 655 3173 788 3235; x_wconf 85' lang='lat' dir='ltr'><strong>secunda</strong></span> <span class='ocrx_word' id='word_1_369' title='bbox 840 3173 1009 3242; x_wconf 63' lang='lat' dir='ltr'><strong>sororibus</strong></span> <span class='ocrx_word' id='word_1_370' title='bbox 1019 3190 1078 3234; x_wconf 87' lang='lat' dir='ltr'><strong>non</strong></span> <span class='ocrx_word' id='word_1_371' title='bbox 1091 3165 1319 3249; x_wconf 79' lang='lat' dir='ltr'><strong>transferendis.</strong></span> <span class='ocrx_word' id='word_1_372' title='bbox 1330 3167 1448 3228; x_wconf 78' lang='lat' dir='ltr'><strong>Lintv.</strong></span> <span class='ocrx_word' id='word_1_373' title='bbox 1459 3166 1568 3228; x_wconf 88' lang='lat' dir='ltr'><strong>titulus</strong></span> 
     </span>
     <span class='ocr_line' id='line_1_32' title="bbox 57 3255 1567 3357; baseline -0.013 -21"><span class='ocrx_word' id='word_1_374' title='bbox 57 3277 170 3357; x_wconf 76' lang='lat' dir='ltr'><strong>pagina</strong></span> <span class='ocrx_word' id='word_1_375' title='bbox 189 3276 284 3337; x_wconf 83' lang='lat' dir='ltr'><strong>attera</strong></span> <span class='ocrx_word' id='word_1_376' title='bbox 307 3290 399 3334; x_wconf 90' lang='lat' dir='ltr'><strong>manu</strong></span> <span class='ocrx_word' id='word_1_377' title='bbox 416 3273 516 3333; x_wconf 85' lang='lat' dir='ltr'><strong>nescio</strong></span> <span class='ocrx_word' id='word_1_378' title='bbox 539 3288 578 3330; x_wconf 88' lang='lat' dir='ltr'><strong>nn</strong></span> <span class='ocrx_word' id='word_1_379' title='bbox 604 3270 729 3347; x_wconf 84' lang='lat' dir='ltr'><strong>antiqua</strong></span> <span class='ocrx_word' id='word_1_380' title='bbox 750 3267 789 3329; x_wconf 88' lang='lat' dir='ltr'><strong>nd</strong></span> <span class='ocrx_word' id='word_1_381' title='bbox 842 3273 930 3352; x_wconf 88' lang='lat' dir='ltr'><strong>primi</strong></span> <span class='ocrx_word' id='word_1_382' title='bbox 946 3286 1011 3348; x_wconf 89' lang='lat' dir='ltr'><strong>cap.</strong></span> <span class='ocrx_word' id='word_1_383' title='bbox 1023 3272 1073 3328; x_wconf 89' lang='lat' dir='ltr'><strong>est</strong></span> <span class='ocrx_word' id='word_1_384' title='bbox 1082 3264 1123 3325; x_wconf 85' lang='lat' dir='ltr'><strong>De</strong></span> <span class='ocrx_word' id='word_1_385' title='bbox 1136 3257 1319 3342; x_wconf 77' lang='lat' dir='ltr'><strong>profectione</strong></span> <span class='ocrx_word' id='word_1_386' title='bbox 1333 3255 1362 3335; x_wconf 78' lang='lat' dir='ltr'><strong>(i.</strong></span> <span class='ocrx_word' id='word_1_387' title='bbox 1375 3259 1567 3352; x_wconf 80' lang='lat' dir='ltr'><strong>perlectione)</strong></span> 
     </span>
     <span class='ocr_line' id='line_1_33' title="bbox 60 3351 1566 3450; baseline -0.015 -17"><span class='ocrx_word' id='word_1_388' title='bbox 60 3370 230 3450; x_wconf 83' lang='lat' dir='ltr'><strong>marginem</strong></span> <span class='ocrx_word' id='word_1_389' title='bbox 240 3362 528 3446; x_wconf 75' lang='lat' dir='ltr'><strong>legiturtbouizonis</strong></span> <span class='ocrx_word' id='word_1_390' title='bbox 539 3361 722 3443; x_wconf 84' lang='lat' dir='ltr'><strong>Episcopide</strong></span> <span class='ocrx_word' id='word_1_391' title='bbox 731 3362 786 3423; x_wconf 85' lang='grc'><strong>88.</strong></span> <span class='ocrx_word' id='word_1_392' title='bbox 842 3361 1038 3430; x_wconf 84' lang='lat' dir='ltr'><strong>sacerdotum</strong></span> <span class='ocrx_word' id='word_1_393' title='bbox 1053 3363 1082 3420; x_wconf 88' lang='lat' dir='ltr'><strong>et</strong></span> <span class='ocrx_word' id='word_1_394' title='bbox 1093 3355 1312 3418; x_wconf 86' lang='lat' dir='ltr'><strong>ministrorum.</strong></span> <span class='ocrx_word' id='word_1_395' title='bbox 1325 3352 1428 3430; x_wconf 89' lang='lat' dir='ltr'><strong>Usque</strong></span> <span class='ocrx_word' id='word_1_396' title='bbox 1442 3351 1480 3414; x_wconf 86' lang='lat' dir='ltr'><strong>ad</strong></span> <span class='ocrx_word' id='word_1_397' title='bbox 1500 3366 1566 3431; x_wconf 89' lang='lat' dir='ltr'><strong>cap.</strong></span> 
     </span>
     <span class='ocr_line' id='line_1_34' title="bbox 60 3442 1568 3536; baseline -0.017 -9"><span class='ocrx_word' id='word_1_398' title='bbox 60 3465 123 3527; x_wconf 84' lang='lat' dir='ltr'><strong>PP.</strong></span> <span class='ocrx_word' id='word_1_399' title='bbox 148 3462 327 3524; x_wconf 79' lang='lat' dir='ltr'><strong>autberdieis</strong></span> <span class='ocrx_word' id='word_1_400' title='bbox 352 3457 524 3525; x_wconf 75' lang='lat' dir='ltr'><strong>canonibus</strong></span> <span class='ocrx_word' id='word_1_401' title='bbox 546 3456 589 3519; x_wconf 89' lang='lat' dir='ltr'><strong>ad</strong></span> <span class='ocrx_word' id='word_1_402' title='bbox 608 3455 787 3536; x_wconf 79' lang='lat' dir='ltr'><strong>Greporium</strong></span> <span class='ocrx_word' id='word_1_403' title='bbox 841 3458 881 3518; x_wconf 83' lang='grc'><strong>78</strong></span> <span class='ocrx_word' id='word_1_404' title='bbox 897 3456 1024 3532; x_wconf 75' lang='lat' dir='ltr'><strong>singuiis</strong></span> <span class='ocrx_word' id='word_1_405' title='bbox 1037 3469 1101 3531; x_wconf 83' lang='lat' dir='ltr'><strong>cap.</strong></span> <span class='ocrx_word' id='word_1_406' title='bbox 1120 3469 1158 3512; x_wconf 84' lang='lat' dir='ltr'><strong>ex</strong></span> <span class='ocrx_word' id='word_1_407' title='bbox 1173 3447 1277 3508; x_wconf 90' lang='lat' dir='ltr'><strong>ordine</strong></span> <span class='ocrx_word' id='word_1_408' title='bbox 1298 3459 1445 3506; x_wconf 86' lang='lat' dir='ltr'><strong>numerus</strong></span> <span class='ocrx_word' id='word_1_409' title='bbox 1465 3442 1568 3524; x_wconf 85' lang='lat' dir='ltr'><strong>adjici·</strong></span> 
     </span>
     <span class='ocr_line' id='line_1_35' title="bbox 60 3540 1567 3637; baseline -0.015 -18"><span class='ocrx_word' id='word_1_410' title='bbox 60 3554 288 3637; x_wconf 79' lang='lat' dir='ltr'><strong>Presbyterum.</strong></span> <span class='ocrx_word' id='word_1_411' title='bbox 306 3558 383 3619; x_wconf 85' lang='lat' dir='ltr'><strong>Cum</strong></span> <span class='ocrx_word' id='word_1_412' title='bbox 400 3553 492 3626; x_wconf 86' lang='lat' dir='ltr'><strong>desit,</strong></span> <span class='ocrx_word' id='word_1_413' title='bbox 510 3558 545 3613; x_wconf 91' lang='lat' dir='ltr'><strong>ut</strong></span> <span class='ocrx_word' id='word_1_414' title='bbox 562 3552 659 3628; x_wconf 90' lang='lat' dir='ltr'><strong>innui,</strong></span> <span class='ocrx_word' id='word_1_415' title='bbox 681 3551 787 3628; x_wconf 89' lang='lat' dir='ltr'><strong>prioris</strong></span> <span class='ocrx_word' id='word_1_416' title='bbox 841 3560 909 3615; x_wconf 89' lang='lat' dir='ltr'><strong>tur:</strong></span> <span class='ocrx_word' id='word_1_417' title='bbox 937 3549 1005 3610; x_wconf 91' lang='lat' dir='ltr'><strong>dein</strong></span> <span class='ocrx_word' id='word_1_418' title='bbox 1024 3547 1107 3609; x_wconf 90' lang='lat' dir='ltr'><strong>nullo</strong></span> <span class='ocrx_word' id='word_1_419' title='bbox 1135 3542 1269 3604; x_wconf 90' lang='lat' dir='ltr'><strong>distincti</strong></span> <span class='ocrx_word' id='word_1_420' title='bbox 1295 3554 1422 3601; x_wconf 88' lang='lat' dir='ltr'><strong>numero</strong></span> <span class='ocrx_word' id='word_1_421' title='bbox 1442 3540 1567 3600; x_wconf 88' lang='lat' dir='ltr'><strong>canonis</strong></span> 
     </span>
     <span class='ocr_line' id='line_1_36' title="bbox 60 3631 1567 3729; baseline -0.015 -17"><span class='ocrx_word' id='word_1_422' title='bbox 60 3652 129 3713; x_wconf 87' lang='lat' dir='ltr'><strong>iibri</strong></span> <span class='ocrx_word' id='word_1_423' title='bbox 145 3653 277 3713; x_wconf 84' lang='lat' dir='ltr'><strong>anterior</strong></span> <span class='ocrx_word' id='word_1_424' title='bbox 292 3648 408 3729; x_wconf 80' lang='lat' dir='ltr'><strong>pagella</strong></span> <span class='ocrx_word' id='word_1_425' title='bbox 425 3649 543 3709; x_wconf 89' lang='lat' dir='ltr'><strong>initium</strong></span> <span class='ocrx_word' id='word_1_426' title='bbox 558 3645 622 3707; x_wconf 88' lang='lat' dir='ltr'><strong>libri</strong></span> <span class='ocrx_word' id='word_1_427' title='bbox 640 3644 720 3704; x_wconf 89' lang='lat' dir='ltr'><strong>iliius</strong></span> <span class='ocrx_word' id='word_1_428' title='bbox 735 3642 787 3703; x_wconf 82' lang='lat' dir='ltr'><strong>du·</strong></span> <span class='ocrx_word' id='word_1_429' title='bbox 841 3645 963 3725; x_wconf 89' lang='lat' dir='ltr'><strong>quidam</strong></span> <span class='ocrx_word' id='word_1_430' title='bbox 985 3640 1163 3702; x_wconf 89' lang='lat' dir='ltr'><strong>succedunt.</strong></span> <span class='ocrx_word' id='word_1_431' title='bbox 1180 3638 1354 3696; x_wconf 88' lang='lat' dir='ltr'><strong>Postremus</strong></span> <span class='ocrx_word' id='word_1_432' title='bbox 1371 3638 1419 3692; x_wconf 88' lang='lat' dir='ltr'><strong>est</strong></span> <span class='ocrx_word' id='word_1_433' title='bbox 1436 3631 1495 3693; x_wconf 89' lang='lat' dir='ltr'><strong>sub</strong></span> <span class='ocrx_word' id='word_1_434' title='bbox 1510 3631 1567 3692; x_wconf 92' lang='lat' dir='ltr'><strong>hoc</strong></span> 
     </span>
     <span class='ocr_line' id='line_1_37' title="bbox 61 3723 1566 3824; baseline -0.014 -18"><span class='ocrx_word' id='word_1_435' title='bbox 61 3747 88 3806; x_wconf 93' lang='lat' dir='ltr'><strong>ri</strong></span> <span class='ocrx_word' id='word_1_436' title='bbox 101 3760 294 3824; x_wconf 84' lang='lat' dir='ltr'><strong>nequaquem</strong></span> <span class='ocrx_word' id='word_1_437' title='bbox 306 3749 414 3821; x_wconf 88' lang='lat' dir='ltr'><strong>potest.</strong></span> <span class='ocrx_word' id='word_1_438' title='bbox 430 3740 516 3802; x_wconf 88' lang='lat' dir='ltr'><strong>Liber</strong></span> <span class='ocrx_word' id='word_1_439' title='bbox 529 3741 555 3800; x_wconf 89' lang='lat' dir='ltr'><strong>ll</strong></span> <span class='ocrx_word' id='word_1_440' title='bbox 567 3739 686 3816; x_wconf 89' lang='lat' dir='ltr'><strong>incipit:</strong></span> <span class='ocrx_word' id='word_1_441' title='bbox 703 3734 788 3812; x_wconf 84' lang='lat' dir='ltr'><strong>Quod</strong></span> <span class='ocrx_word' id='word_1_442' title='bbox 841 3740 940 3800; x_wconf 87' lang='lat' dir='ltr'><strong>tituto:</strong></span> <span class='ocrx_word' id='word_1_443' title='bbox 953 3734 1034 3817; x_wconf 86' lang='lat' dir='ltr'><strong>quod</strong></span> <span class='ocrx_word' id='word_1_444' title='bbox 1045 3751 1104 3795; x_wconf 90' lang='lat' dir='ltr'><strong>non</strong></span> <span class='ocrx_word' id='word_1_445' title='bbox 1116 3732 1157 3794; x_wconf 89' lang='lat' dir='ltr'><strong>sit</strong></span> <span class='ocrx_word' id='word_1_446' title='bbox 1165 3726 1348 3812; x_wconf 83' lang='lat' dir='ltr'><strong>porripenda</strong></span> <span class='ocrx_word' id='word_1_447' title='bbox 1363 3724 1462 3786; x_wconf 69' lang='lat' dir='ltr'><strong>bosna</strong></span> <span class='ocrx_word' id='word_1_448' title='bbox 1475 3723 1566 3786; x_wconf 84' lang='lat' dir='ltr'><strong>iatin-</strong></span> 
     </span>
     <span class='ocr_line' id='line_1_38' title="bbox 60 3820 1565 3916; baseline -0.013 -18"><span class='ocrx_word' id='word_1_449' title='bbox 60 3842 132 3898; x_wconf 87' lang='lat' dir='ltr'><strong>ante</strong></span> <span class='ocrx_word' id='word_1_450' title='bbox 150 3837 191 3898; x_wconf 84' lang='lat' dir='ltr'><strong>sit</strong></span> <span class='ocrx_word' id='word_1_451' title='bbox 204 3835 346 3897; x_wconf 87' lang='lat' dir='ltr'><strong>dicendus</strong></span> <span class='ocrx_word' id='word_1_452' title='bbox 363 3834 419 3916; x_wconf 84' lang='lat' dir='ltr'><strong>qui</strong></span> <span class='ocrx_word' id='word_1_453' title='bbox 439 3831 638 3914; x_wconf 75' lang='lat' dir='ltr'><strong>baptizandus</strong></span> <span class='ocrx_word' id='word_1_454' title='bbox 667 3836 697 3892; x_wconf 92' lang='lat' dir='ltr'><strong>et</strong></span> <span class='ocrx_word' id='word_1_455' title='bbox 714 3829 789 3911; x_wconf 85' lang='lat' dir='ltr'><strong>quid</strong></span> <span class='ocrx_word' id='word_1_456' title='bbox 841 3838 900 3895; x_wconf 91' lang='lat' dir='ltr'><strong>eta.</strong></span> <span class='ocrx_word' id='word_1_457' title='bbox 916 3830 1012 3892; x_wconf 80' lang='lat' dir='ltr'><strong>Linv</strong></span> <span class='ocrx_word' id='word_1_458' title='bbox 1028 3827 1233 3907; x_wconf 84' lang='lat' dir='ltr'><strong>capprimum</strong></span> <span class='ocrx_word' id='word_1_459' title='bbox 1249 3820 1353 3882; x_wconf 87' lang='lat' dir='ltr'><strong>iertde</strong></span> <span class='ocrx_word' id='word_1_460' title='bbox 1364 3820 1565 3883; x_wconf 71' lang='lat' dir='ltr'><strong>catechume-</strong></span> 
     </span>
     <span class='ocr_line' id='line_1_39' title="bbox 60 3911 1568 4013; baseline -0.015 -18"><span class='ocrx_word' id='word_1_461' title='bbox 60 3932 106 3995; x_wconf 83' lang='lat' dir='ltr'><strong>sit</strong></span> <span class='ocrx_word' id='word_1_462' title='bbox 120 3929 287 4013; x_wconf 85' lang='lat' dir='ltr'><strong>baptismus</strong></span> <span class='ocrx_word' id='word_1_463' title='bbox 301 3937 331 3992; x_wconf 92' lang='lat' dir='ltr'><strong>et</strong></span> <span class='ocrx_word' id='word_1_464' title='bbox 344 3934 417 4011; x_wconf 83' lang='lat' dir='ltr'><strong>quot</strong></span> <span class='ocrx_word' id='word_1_465' title='bbox 431 3927 525 3989; x_wconf 86' lang='lat' dir='ltr'><strong>modis</strong></span> <span class='ocrx_word' id='word_1_466' title='bbox 539 3927 609 4007; x_wconf 75' lang='lat' dir='ltr'><strong>pot,</strong></span> <span class='ocrx_word' id='word_1_467' title='bbox 634 3931 702 4004; x_wconf 89' lang='lat' dir='ltr'><strong>eta</strong></span> <span class='ocrx_word' id='word_1_468' title='bbox 728 3943 786 4006; x_wconf 86' lang='lat' dir='ltr'><strong>quo</strong></span> <span class='ocrx_word' id='word_1_469' title='bbox 843 3929 902 4001; x_wconf 84' lang='lat' dir='ltr'><strong>nis,</strong></span> <span class='ocrx_word' id='word_1_470' title='bbox 923 3930 955 3984; x_wconf 86' lang='lat' dir='ltr'><strong>et</strong></span> <span class='ocrx_word' id='word_1_471' title='bbox 974 3922 1123 4002; x_wconf 80' lang='lat' dir='ltr'><strong>capitibus</strong></span> <span class='ocrx_word' id='word_1_472' title='bbox 1147 3919 1185 3981; x_wconf 98' lang='grc'><strong>49</strong></span> <span class='ocrx_word' id='word_1_473' title='bbox 1212 3914 1387 3977; x_wconf 87' lang='lat' dir='ltr'><strong>absolvitur.</strong></span> <span class='ocrx_word' id='word_1_474' title='bbox 1420 3911 1498 3972; x_wconf 88' lang='lat' dir='ltr'><strong>Libri</strong></span> <span class='ocrx_word' id='word_1_475' title='bbox 1527 3912 1568 3972; x_wconf 87' lang='lat' dir='ltr'><strong>Vi</strong></span> 
     </span>
     <span class='ocr_line' id='line_1_40' title="bbox 61 4004 1567 4107; baseline -0.016 -20"><span class='ocrx_word' id='word_1_476' title='bbox 61 4025 194 4107; x_wconf 86' lang='lat' dir='ltr'><strong>sumpsit</strong></span> <span class='ocrx_word' id='word_1_477' title='bbox 201 4023 363 4086; x_wconf 70' lang='lat' dir='ltr'><strong>exordium</strong></span> <span class='ocrx_word' id='word_1_478' title='bbox 376 4029 428 4084; x_wconf 89' lang='lat' dir='ltr'><strong>etc.</strong></span> <span class='ocrx_word' id='word_1_479' title='bbox 439 4022 569 4083; x_wconf 84' lang='lat' dir='ltr'><strong>Liborlli</strong></span> <span class='ocrx_word' id='word_1_480' title='bbox 577 4018 788 4099; x_wconf 73' lang='grc' dir='ltr'><strong>0444444444ρί-</strong></span> <span class='ocrx_word' id='word_1_481' title='bbox 841 4021 957 4099; x_wconf 90' lang='lat' dir='ltr'><strong>primus</strong></span> <span class='ocrx_word' id='word_1_482' title='bbox 968 4032 1063 4077; x_wconf 89' lang='lat' dir='ltr'><strong>canon</strong></span> <span class='ocrx_word' id='word_1_483' title='bbox 1078 4020 1125 4073; x_wconf 88' lang='lat' dir='ltr'><strong>est</strong></span> <span class='ocrx_word' id='word_1_484' title='bbox 1138 4031 1144 4071; x_wconf 91' lang='lat'>:</span> <span class='ocrx_word' id='word_1_485' title='bbox 1159 4006 1240 4090; x_wconf 84' lang='lat' dir='ltr'><strong>quod</strong></span> <span class='ocrx_word' id='word_1_486' title='bbox 1249 4004 1419 4069; x_wconf 75' lang='lat' dir='ltr'><strong>Christiani</strong></span> <span class='ocrx_word' id='word_1_487' title='bbox 1429 4004 1567 4083; x_wconf 83' lang='lat' dir='ltr'><strong>impera·</strong></span> 
     </span>
     <span class='ocr_line' id='line_1_41' title="bbox 61 4094 1569 4201; baseline -0.019 -18"><span class='ocrx_word' id='word_1_488' title='bbox 61 4137 153 4201; x_wconf 82' lang='lat' dir='ltr'><strong>scopo</strong></span> <span class='ocrx_word' id='word_1_489' title='bbox 162 4117 282 4180; x_wconf 79' lang='lat' dir='ltr'><strong>locabo.</strong></span> <span class='ocrx_word' id='word_1_490' title='bbox 291 4119 327 4178; x_wconf 88' lang='grc'><strong>144</strong></span> <span class='ocrx_word' id='word_1_491' title='bbox 338 4117 384 4179; x_wconf 88' lang='lat' dir='ltr'><strong>bis</strong></span> <span class='ocrx_word' id='word_1_492' title='bbox 395 4113 567 4179; x_wconf 80' lang='lat' dir='ltr'><strong>civitatibus</strong></span> <span class='ocrx_word' id='word_1_493' title='bbox 577 4109 786 4193; x_wconf 83' lang='lat' dir='ltr'><strong>Apostolorum</strong></span> <span class='ocrx_word' id='word_1_494' title='bbox 841 4119 919 4173; x_wconf 88' lang='lat' dir='ltr'><strong>tores</strong></span> <span class='ocrx_word' id='word_1_495' title='bbox 936 4104 1147 4171; x_wconf 88' lang='lat' dir='ltr'><strong>ecclesiasticis</strong></span> <span class='ocrx_word' id='word_1_496' title='bbox 1160 4100 1237 4163; x_wconf 89' lang='lat' dir='ltr'><strong>uiris</strong></span> <span class='ocrx_word' id='word_1_497' title='bbox 1248 4096 1372 4162; x_wconf 89' lang='lat' dir='ltr'><strong>subesse</strong></span> <span class='ocrx_word' id='word_1_498' title='bbox 1382 4094 1496 4171; x_wconf 81' lang='lat' dir='ltr'><strong>debent,</strong></span> <span class='ocrx_word' id='word_1_499' title='bbox 1507 4114 1569 4156; x_wconf 88' lang='lat' dir='ltr'><strong>non</strong></span> 
     </span>
     <span class='ocr_line' id='line_1_42' title="bbox 63 4190 1567 4294; baseline -0.017 -20"><span class='ocrx_word' id='word_1_500' title='bbox 63 4213 210 4294; x_wconf 84' lang='lat' dir='ltr'><strong>Princeps</strong></span> <span class='ocrx_word' id='word_1_501' title='bbox 227 4212 375 4293; x_wconf 86' lang='lat' dir='ltr'><strong>primates</strong></span> <span class='ocrx_word' id='word_1_502' title='bbox 392 4210 556 4272; x_wconf 83' lang='lat' dir='ltr'><strong>instituisse</strong></span> <span class='ocrx_word' id='word_1_503' title='bbox 572 4205 627 4269; x_wconf 88' lang='lat' dir='ltr'><strong>ubi</strong></span> <span class='ocrx_word' id='word_1_504' title='bbox 643 4206 786 4287; x_wconf 88' lang='lat' dir='ltr'><strong>primitus</strong></span> <span class='ocrx_word' id='word_1_505' title='bbox 837 4221 990 4287; x_wconf 86' lang='lat' dir='ltr'><strong>praeesse.</strong></span> <span class='ocrx_word' id='word_1_506' title='bbox 1007 4207 1079 4263; x_wconf 90' lang='lat' dir='ltr'><strong>sunt</strong></span> <span class='ocrx_word' id='word_1_507' title='bbox 1096 4200 1194 4278; x_wconf 87' lang='lat' dir='ltr'><strong>cupita</strong></span> <span class='ocrx_word' id='word_1_508' title='bbox 1211 4197 1259 4257; x_wconf 87' lang='grc'><strong>99.</strong></span> <span class='ocrx_word' id='word_1_509' title='bbox 1279 4193 1355 4255; x_wconf 86' lang='lat' dir='ltr'><strong>Libri</strong></span> <span class='ocrx_word' id='word_1_510' title='bbox 1372 4192 1424 4252; x_wconf 87' lang='lat' dir='ltr'><strong>Vll</strong></span> <span class='ocrx_word' id='word_1_511' title='bbox 1441 4196 1472 4251; x_wconf 89' lang='lat' dir='ltr'><strong>et</strong></span> <span class='ocrx_word' id='word_1_512' title='bbox 1489 4190 1567 4250; x_wconf 86' lang='lat' dir='ltr'><strong>torte</strong></span> 
     </span>
     <span class='ocr_line' id='line_1_43' title="bbox 62 4285 1568 4385; baseline -0.019 -16"><span class='ocrx_word' id='word_1_513' title='bbox 62 4304 289 4385; x_wconf 62' lang='lat' dir='ltr'><strong>archiflamines</strong></span> <span class='ocrx_word' id='word_1_514' title='bbox 298 4310 350 4367; x_wconf 89' lang='lat' dir='ltr'><strong>etc.</strong></span> <span class='ocrx_word' id='word_1_515' title='bbox 357 4298 788 4382; x_wconf 70' lang='grc' dir='ltr'><strong>4444444444444ρί4;8444444444444</strong></span> <span class='ocrx_word' id='word_1_516' title='bbox 843 4302 934 4363; x_wconf 86' lang='lat' dir='ltr'><strong>etium</strong></span> <span class='ocrx_word' id='word_1_517' title='bbox 945 4297 1011 4359; x_wconf 79' lang='lat' dir='ltr'><strong>viu</strong></span> <span class='ocrx_word' id='word_1_518' title='bbox 1025 4296 1096 4383; x_wconf 85' lang='lat' dir='ltr'><strong>huic</strong></span> <span class='ocrx_word' id='word_1_519' title='bbox 1112 4291 1263 4352; x_wconf 89' lang='lat' dir='ltr'><strong>coniuncti</strong></span> <span class='ocrx_word' id='word_1_520' title='bbox 1279 4287 1409 4366; x_wconf 91' lang='lat' dir='ltr'><strong>primum</strong></span> <span class='ocrx_word' id='word_1_521' title='bbox 1423 4285 1519 4361; x_wconf 87' lang='lat' dir='ltr'><strong>Caput</strong></span> <span class='ocrx_word' id='word_1_522' title='bbox 1531 4285 1568 4341; x_wconf 89' lang='lat' dir='ltr'><strong>ti-</strong></span> 
     </span>
     <span class='ocr_line' id='line_1_44' title="bbox 62 4375 1569 4473; baseline -0.019 -10"><span class='ocrx_word' id='word_1_523' title='bbox 62 4398 289 4471; x_wconf 75' lang='lat' dir='ltr'><strong>deeoecelltntia</strong></span> <span class='ocrx_word' id='word_1_524' title='bbox 296 4393 788 4473; x_wconf 70' lang='lat' dir='ltr'><strong>Rem.Ecclesiaeetdei’riuileqiis</strong></span> <span class='ocrx_word' id='word_1_525' title='bbox 843 4393 942 4455; x_wconf 83' lang='lat' dir='ltr'><strong>tutum</strong></span> <span class='ocrx_word' id='word_1_526' title='bbox 955 4390 1037 4451; x_wconf 91' lang='lat' dir='ltr'><strong>hunc</strong></span> <span class='ocrx_word' id='word_1_527' title='bbox 1051 4386 1182 4468; x_wconf 81' lang='lat' dir='ltr'><strong>praefert</strong></span> <span class='ocrx_word' id='word_1_528' title='bbox 1195 4404 1201 4444; x_wconf 95' lang='lat'><strong>:</strong></span> <span class='ocrx_word' id='word_1_529' title='bbox 1217 4379 1296 4442; x_wconf 87' lang='lat' dir='ltr'><strong>unde</strong></span> <span class='ocrx_word' id='word_1_530' title='bbox 1308 4378 1406 4440; x_wconf 89' lang='lat' dir='ltr'><strong>malae</strong></span> <span class='ocrx_word' id='word_1_531' title='bbox 1417 4375 1569 4457; x_wconf 77' lang='lat' dir='ltr'><strong>capitatio-</strong></span> 
     </span>
     <span class='ocr_line' id='line_1_45' title="bbox 63 4473 1568 4571; baseline -0.019 -14"><span class='ocrx_word' id='word_1_532' title='bbox 63 4495 109 4557; x_wconf 93' lang='lat' dir='ltr'><strong>ad</strong></span> <span class='ocrx_word' id='word_1_533' title='bbox 120 4493 252 4555; x_wconf 71' lang='lat' dir='ltr'><strong>emonem</strong></span> <span class='ocrx_word' id='word_1_534' title='bbox 265 4492 414 4555; x_wconf 80' lang='lat' dir='ltr'><strong>Ecclesiae</strong></span> <span class='ocrx_word' id='word_1_535' title='bbox 427 4492 608 4571; x_wconf 77' lang='lat' dir='ltr'><strong>Episcopum</strong></span> <span class='ocrx_word' id='word_1_536' title='bbox 614 4485 790 4570; x_wconf 83' lang='lat' dir='ltr'><strong>pertinenti-</strong></span> <span class='ocrx_word' id='word_1_537' title='bbox 844 4503 896 4546; x_wconf 88' lang='lat' dir='ltr'><strong>nes</strong></span> <span class='ocrx_word' id='word_1_538' title='bbox 906 4476 1214 4543; x_wconf 72' lang='lat' dir='ltr'><strong>oriuntur.&#39;Postromi</strong></span> <span class='ocrx_word' id='word_1_539' title='bbox 1227 4476 1326 4555; x_wconf 85' lang='lat' dir='ltr'><strong>operis</strong></span> <span class='ocrx_word' id='word_1_540' title='bbox 1342 4473 1398 4532; x_wconf 86' lang='lat' dir='ltr'><strong>tetii</strong></span> <span class='ocrx_word' id='word_1_541' title='bbox 1416 4476 1568 4549; x_wconf 87' lang='lat' dir='ltr'><strong>postrema</strong></span> 
     </span>
     <span class='ocr_line' id='line_1_46' title="bbox 65 4562 1568 4666; baseline -0.019 -16"><span class='ocrx_word' id='word_1_542' title='bbox 65 4589 125 4651; x_wconf 84' lang='lat' dir='ltr'><strong>bus</strong></span> <span class='ocrx_word' id='word_1_543' title='bbox 145 4592 199 4648; x_wconf 89' lang='lat' dir='ltr'><strong>etc.</strong></span> <span class='ocrx_word' id='word_1_544' title='bbox 222 4582 553 4666; x_wconf 74' lang='lat' dir='ltr'><strong>Lib.V&#39;Superioribus</strong></span> <span class='ocrx_word' id='word_1_545' title='bbox 566 4581 665 4644; x_wconf 85' lang='lat' dir='ltr'><strong>tribus</strong></span> <span class='ocrx_word' id='word_1_546' title='bbox 682 4579 789 4642; x_wconf 87' lang='lat' dir='ltr'><strong>libellis</strong></span> <span class='ocrx_word' id='word_1_547' title='bbox 843 4579 936 4638; x_wconf 85' lang='lat' dir='ltr'><strong>rerba</strong></span> <span class='ocrx_word' id='word_1_548' title='bbox 954 4578 1027 4638; x_wconf 83' lang='lat' dir='ltr'><strong>haec</strong></span> <span class='ocrx_word' id='word_1_549' title='bbox 1045 4581 1133 4635; x_wconf 91' lang='lat' dir='ltr'><strong>sunt:</strong></span> <span class='ocrx_word' id='word_1_550' title='bbox 1152 4571 1188 4630; x_wconf 85' lang='lat' dir='ltr'><strong>de</strong></span> <span class='ocrx_word' id='word_1_551' title='bbox 1205 4570 1243 4629; x_wconf 84' lang='lat' dir='ltr'><strong>iis</strong></span> <span class='ocrx_word' id='word_1_552' title='bbox 1259 4566 1313 4646; x_wconf 86' lang='lat' dir='ltr'><strong>qui</strong></span> <span class='ocrx_word' id='word_1_553' title='bbox 1322 4566 1420 4645; x_wconf 79' lang='lat' dir='ltr'><strong>jueta</strong></span> <span class='ocrx_word' id='word_1_554' title='bbox 1445 4562 1568 4643; x_wconf 79' lang='lat' dir='ltr'><strong>Aposto-</strong></span> 
     </span>
     <span class='ocr_line' id='line_1_47' title="bbox 64 4655 1569 4765; baseline -0.018 -23"><span class='ocrx_word' id='word_1_555' title='bbox 64 4680 169 4765; x_wconf 82' lang='lat' dir='ltr'><strong>quulis</strong></span> <span class='ocrx_word' id='word_1_556' title='bbox 193 4677 299 4743; x_wconf 84' lang='lat' dir='ltr'><strong>debeat</strong></span> <span class='ocrx_word' id='word_1_557' title='bbox 317 4679 389 4760; x_wconf 82' lang='lat' dir='ltr'><strong>elipi</strong></span> <span class='ocrx_word' id='word_1_558' title='bbox 398 4679 561 4760; x_wconf 83' lang='lat' dir='ltr'><strong>Episcopus</strong></span> <span class='ocrx_word' id='word_1_559' title='bbox 583 4682 636 4738; x_wconf 88' lang='lat' dir='ltr'><strong>eto.</strong></span> <span class='ocrx_word' id='word_1_560' title='bbox 653 4680 791 4759; x_wconf 82' lang='lat' dir='ltr'><strong>superest</strong></span> <span class='ocrx_word' id='word_1_561' title='bbox 845 4670 905 4733; x_wconf 84' lang='grc'><strong>444444</strong></span> <span class='ocrx_word' id='word_1_562' title='bbox 921 4668 1028 4730; x_wconf 86' lang='lat' dir='ltr'><strong>traditi</strong></span> <span class='ocrx_word' id='word_1_563' title='bbox 1038 4671 1109 4729; x_wconf 88' lang='lat' dir='ltr'><strong>sunt</strong></span> <span class='ocrx_word' id='word_1_564' title='bbox 1121 4666 1253 4727; x_wconf 81' lang='lat' dir='ltr'><strong>Sam-rrae</strong></span> <span class='ocrx_word' id='word_1_565' title='bbox 1263 4655 1446 4740; x_wconf 84' lang='lat' dir='ltr'><strong>etquomodo</strong></span> <span class='ocrx_word' id='word_1_566' title='bbox 1460 4656 1491 4717; x_wconf 91' lang='lat' dir='ltr'><strong>in</strong></span> <span class='ocrx_word' id='word_1_567' title='bbox 1505 4673 1569 4717; x_wconf 82' lang='lat' dir='ltr'><strong>coe·</strong></span> 
     </span>
     <span class='ocr_line' id='line_1_48' title="bbox 64 4747 1572 4839; baseline -0.018 -2"><span class='ocrx_word' id='word_1_568' title='bbox 64 4793 148 4837; x_wconf 73' lang='lat' dir='ltr'><strong>ruine</strong></span> <span class='ocrx_word' id='word_1_569' title='bbox 157 4774 193 4836; x_wconf 87' lang='lat' dir='ltr'><strong>de</strong></span> <span class='ocrx_word' id='word_1_570' title='bbox 205 4773 331 4836; x_wconf 87' lang='lat' dir='ltr'><strong>secundi</strong></span> <span class='ocrx_word' id='word_1_571' title='bbox 342 4773 456 4836; x_wconf 82' lang='lat' dir='ltr'><strong>ordinis</strong></span> <span class='ocrx_word' id='word_1_572' title='bbox 468 4769 676 4834; x_wconf 84' lang='lat' dir='ltr'><strong>sacerdotibus</strong></span> <span class='ocrx_word' id='word_1_573' title='bbox 687 4776 716 4831; x_wconf 87' lang='lat' dir='ltr'><strong>et</strong></span> <span class='ocrx_word' id='word_1_574' title='bbox 725 4769 790 4829; x_wconf 87' lang='lat' dir='ltr'><strong>dia·</strong></span> <span class='ocrx_word' id='word_1_575' title='bbox 843 4763 1015 4827; x_wconf 75' lang='lat' dir='ltr'><strong>nudamini</strong></span> <span class='ocrx_word' id='word_1_576' title='bbox 1025 4760 1065 4822; x_wconf 88' lang='lat' dir='ltr'><strong>ab</strong></span> <span class='ocrx_word' id='word_1_577' title='bbox 1081 4759 1227 4839; x_wconf 89' lang='lat' dir='ltr'><strong>Episcopo</strong></span> <span class='ocrx_word' id='word_1_578' title='bbox 1240 4751 1366 4814; x_wconf 85' lang='lat' dir='ltr'><strong>debeam</strong></span> <span class='ocrx_word' id='word_1_579' title='bbox 1377 4747 1572 4812; x_wconf 84' lang='lat' dir='ltr'><strong>reconciliari</strong></span> 
     </span>
     <span class='ocr_line' id='line_1_49' title="bbox 63 4842 1569 4948; baseline -0.021 -16"><span class='ocrx_word' id='word_1_580' title='bbox 63 4866 191 4932; x_wconf 87' lang='lat' dir='ltr'><strong>canibus</strong></span> <span class='ocrx_word' id='word_1_581' title='bbox 199 4872 253 4929; x_wconf 88' lang='lat' dir='ltr'><strong>ete.</strong></span> <span class='ocrx_word' id='word_1_582' title='bbox 265 4873 294 4929; x_wconf 90' lang='lat' dir='ltr'><strong>et</strong></span> <span class='ocrx_word' id='word_1_583' title='bbox 298 4868 434 4948; x_wconf 89' lang='lat' dir='ltr'><strong>primum</strong></span> <span class='ocrx_word' id='word_1_584' title='bbox 445 4865 485 4929; x_wconf 89' lang='lat' dir='ltr'><strong>ab</strong></span> <span class='ocrx_word' id='word_1_585' title='bbox 495 4864 681 4927; x_wconf 78' lang='lat' dir='ltr'><strong>acclinatione</strong></span> <span class='ocrx_word' id='word_1_586' title='bbox 692 4861 790 4924; x_wconf 86' lang='lat' dir='ltr'><strong>ordie-</strong></span> <span class='ocrx_word' id='word_1_587' title='bbox 844 4854 1228 4933; x_wconf 79' lang='lat' dir='ltr'><strong>s&#39;niiilibro,sioitacomes</strong></span> <span class='ocrx_word' id='word_1_588' title='bbox 1239 4842 1569 4928; x_wconf 69' lang='lat' dir='ltr'><strong>fueritpleniusenor-</strong></span> 
     </span>
     <span class='ocr_line' id='line_1_50' title="bbox 64 4939 1565 5040; baseline -0.021 -14"><span class='ocrx_word' id='word_1_589' title='bbox 64 4979 149 5026; x_wconf 86' lang='lat' dir='ltr'><strong>mur.</strong></span> <span class='ocrx_word' id='word_1_590' title='bbox 160 4961 223 5023; x_wconf 90' lang='lat' dir='ltr'><strong>Lib.</strong></span> <span class='ocrx_word' id='word_1_591' title='bbox 237 4962 284 5023; x_wconf 84' lang='lat' dir='ltr'><strong>Vl.</strong></span> <span class='ocrx_word' id='word_1_592' title='bbox 297 4961 654 5040; x_wconf 84' lang='lat' dir='ltr'><strong>ilonacborumquatuor</strong></span> <span class='ocrx_word' id='word_1_593' title='bbox 664 4974 729 5019; x_wconf 87' lang='lat' dir='ltr'><strong>esse</strong></span> <span class='ocrx_word' id='word_1_594' title='bbox 737 4973 789 5035; x_wconf 80' lang='lat' dir='ltr'><strong>pe·</strong></span> <span class='ocrx_word' id='word_1_595' title='bbox 842 4951 927 5014; x_wconf 88' lang='lat' dir='ltr'><strong>rabo.</strong></span> <span class='ocrx_word' id='word_1_596' title='bbox 942 4953 990 5013; x_wconf 85' lang='lat' dir='ltr'><strong>Er</strong></span> <span class='ocrx_word' id='word_1_597' title='bbox 1003 4951 1059 5011; x_wconf 86' lang='lat' dir='ltr'><strong>hac</strong></span> <span class='ocrx_word' id='word_1_598' title='bbox 1075 4948 1232 5024; x_wconf 77' lang='lat' dir='ltr'><strong>diiigenter</strong></span> <span class='ocrx_word' id='word_1_599' title='bbox 1243 4942 1381 5001; x_wconf 87' lang='lat' dir='ltr'><strong>instituta</strong></span> <span class='ocrx_word' id='word_1_600' title='bbox 1397 4939 1565 5015; x_wconf 84' lang='lat' dir='ltr'><strong>(quantum</strong></span> 
     </span>
    </p>
   </div>
   <div class='ocr_carea' id='block_1_3' title="bbox 0 0 1741 5318">
    <p class='ocr_par' dir='ltr' id='par_1_3' title="bbox 0 0 1741 5318">
     <span class='ocr_line' id='line_1_51' title="bbox 0 0 1741 5318; baseline 0 0"><span class='ocrx_word' id='word_1_601' title='bbox 0 0 1741 5318; x_wconf 95' lang='lat' dir='ltr'><strong> </strong></span> 
     </span>
    </p>
   </div>
   <div class='ocr_carea' id='block_1_4' title="bbox 65 5031 1587 5153">
    <p class='ocr_par' dir='ltr' id='par_1_4' title="bbox 65 5031 1587 5153">
     <span class='ocr_line' id='line_1_52' title="bbox 65 5031 1587 5153; baseline -0.025 -31"><span class='ocrx_word' id='word_1_602' title='bbox 65 5054 189 5121; x_wconf 83' lang='lat' dir='ltr'><strong>norati.</strong></span> <span class='ocrx_word' id='word_1_603' title='bbox 201 5052 357 5121; x_wconf 79' lang='grc'><strong>9444444444</strong></span> <span class='ocrx_word' id='word_1_604' title='bbox 369 5053 520 5138; x_wconf 57' lang='lat' dir='ltr'><strong>ramento</strong></span> <span class='ocrx_word' id='word_1_605' title='bbox 529 5051 720 5140; x_wconf 65' lang='lat' dir='ltr'><strong>cognovimus</strong></span> <span class='ocrx_word' id='word_1_606' title='bbox 732 5056 785 5114; x_wconf 84' lang='lat' dir='ltr'><strong>etc.</strong></span> <span class='ocrx_word' id='word_1_607' title='bbox 841 5064 895 5130; x_wconf 88' lang='lat' dir='ltr'><strong>pro</strong></span> <span class='ocrx_word' id='word_1_608' title='bbox 910 5047 1055 5131; x_wconf 85' lang='lat' dir='ltr'><strong>temporis</strong></span> <span class='ocrx_word' id='word_1_609' title='bbox 1070 5039 1214 5134; x_wconf 67' lang='lat' dir='ltr'><strong>angustia</strong></span> <span class='ocrx_word' id='word_1_610' title='bbox 1226 5031 1517 5153; x_wconf 58' lang='lat' dir='ltr'><strong>solutionumque</strong></span> <span class='ocrx_word' id='word_1_611' title='bbox 1531 5038 1587 5085; x_wconf 78' lang='lat' dir='ltr'><strong>co-</strong></span> 
     </span>
    </p>
   </div>
  </div>
 </body>
</html>
