3458 5332
199 308 259 370 406
818 307 1070 371 CUSANUS

200 413 401 490 Cardinalem‚
412 432 504 492 quem
514 416 738 493 Praeceptorem
751 431 841 481 suum
853 432 916 477 me-
1009 414 1234 477 Eaecitationnm
1250 432 1293 476 eoo
1308 411 1499 479 sermonibus
1515 409 1614 473 saeris
1631 409 1672 470 lli

202 506 349 569 tuendum
367 508 506 586 appellat.
970 509 1045 571 colai
1062 509 1100 570 de
1117 511 1197 572 (lusa
1214 509 1279 570 libri
1296 511 1344 584 X,
1361 525 1428 587 pag.
1456 506 1527 569 349.
1554 506 1589 566 40
1612 503 1675 564 libro

241 601 284 659 440
298 599 440 679 filiatione
463 599 537 660 DEI
548 600 586 662 ad
602 601 775 663 Conradum
796 604 916 663 Wartc
970 610 1057 665 sexto
1073 621 1139 681 pag.
1158 603 1216 664 550
1233 601 1369 679 dialogus
1390 617 1451 678 quo
1472 598 1595 678 singula
1614 598 1676 659 Ora

201 692 393 770 bergensem,
417 694 601 758 Canopicum
630 696 801 771 4400004000
824 697 916 756 44040-
970 698 1060 756 ticnis
1076 697 1248 775 Dominicae
1265 694 1357 756 verba
1373 694 1579 772 explicantur.
1594 690 1677 752 labis

199 786 302 864 phelti.
319 803 384 864 pag.
404 789 471 849 449.
691 851 693 856 ,
738 780 749 801 '
896 818 899 823 .
965 788 1071 850 decem
1089 789 1171 849 libris
1189 806 1248 849 non
1262 791 1383 850 invenio
1397 789 1567 867 vestigium
1578 803 1679 846 sermo·

241 880 381 959 Dialogus
392 898 463 942 cum
480 882 585 943 eodem
603 880 740 945 Conrado
756 880 793 943 de
809 881 918 945 Genesi
971 884 1020 942 nis
1038 882 1069 942 in
1096 880 1208 944 Psalm.
1228 882 1320 958 444444,
1338 884 1385 944 44.
1404 884 1434 941 40
1464 896 1528 958 quo
1554 879 1679 940 Nicolaus

198 974 343 1048 ltosaica,
361 973 565 1054 0004040040.
586 974 685 1050 4447,
702 993 769 1054 pag.
788 975 856 1038 447.
971 975 1111 1038 cusanus
1133 981 1211 1036 teste
1228 976 1314 1036 Sixto
1330 975 1460 1036 Senensi
1478 973 1529 1033 lib.
1548 973 1583 1048 V,
1600 987 1679 1032 anno

239 1069 429 1147 Dialogorum
457 1069 524 1129 libri
543 1069 590 1129 lV.
612 1068 670 1129 40.
687 1067 765 1129 4450
784 1067 915 1142 0000444,
970 1073 1025 1129 tat.
1043 1069 1102 1130 465
1118 1068 1220 1129 docuit
1235 1067 1395 1130 Cllristum
1406 1067 1581 1127 ,Dominum
1597 1064 1676 1125 susti·

198 1178 328 1238 quorum
338 1161 457 1222 duobus
470 1162 619 1240 prioribus
636 1159 672 1222 de
688 1158 844 1240 Sapientia
854 1160 916 1222 40·
970 1162 1075 1222 unisse
1093 1163 1123 1221 40
1140 1164 1241 1223 anima
1255 1176 1311 1230 sua
1327 1161 1461 1220 dolorem
1480 1158 1601 1218 interni.

198 1259 263 1313 ctor
280 1271 350 1314 cum
367 1255 493 1315 Oratore
508 1257 643 1319 Romano
656 1261 688 1315 et
701 1252 809 1336 idiota,
827 1254 915 1315 tertio
1009 1255 1054 1316 440
1072 1253 1226 1316 00440400
1244 1252 1468 1317 concordantia
1481 1249 1559 1312 iibri
1576 1251 1639 1328 111,
1656 1269 1677 1330 p.

199 1345 236 1406 de
252 1347 358 1407 mentis
374 1353 488 1408 namra
504 1364 575 1409 cum
592 1347 772 1426 Phlosopbo,
790 1348 916 1409 Oratore
971 1349 1031 1410 683
1051 1351 1156 1427 0004044
1171 1365 1190 1408 0
1206 1350 1346 1422 Cosano,
1363 1362 1434 1407 curn
1450 1353 1538 1408 esset
1555 1347 1677 1406 Decanos

198 1446 230 1499 04
246 1439 342 1501 404040
355 1441 553 1519 colloquitur:
565 1447 673 1518 quarto
690 1457 761 1501 aaut
776 1439 869 1500 idiota
884 1446 916 1500 et
970 1443 1001 1503 S.
1018 1443 1127 1503 Florini
1148 1440 1413 1512 constantiensis,
1431 1444 1572 1516 tempore
1589 1438 1678 1501 Conci

197 1532 323 1593 Oratore
339 1531 375 1593 de
391 1532 506 1596 staticis
524 1533 757 1613 0000000000,
776 1551 841 1612 pag.
855 1532 912 1595 447
973 1533 1002 1594 444
1017 1535 1197 1595 basileensis
1210 1540 1281 1594 ante
1295 1531 1420 1595 Annum
1433 1531 1515 1593 4438
1530 1533 1677 1609 superstite

196 1627 248 1702 qui
265 1632 438 1704 postremus
454 1634 583 1706 quartus
610 1626 719 1706 prodiit
739 1628 831 1689 etiam
860 1626 916 1689 40·
972 1625 1070 1687 adhuc
1084 1625 1277 1703 sigismundo
1289 1627 1482 1703 imperatore.
1494 1623 1630 1685 blultain
1642 1623 1676 1681 hie

198 1721 347 1795 gentorati
366 1722 463 1794 4550,
482 1721 509 1781 4.
527 1720 565 1782 00
585 1721 699 1783 calcem
717 1722 854 1782 vitruvii
970 1720 1053 1782 libris
1078 1720 1229 1798 praeclara
1249 1717 1288 1779 00
1311 1716 1431 1795 juribus
1455 1723 1488 1778 et
1514 1717 1675 1778 auctoritate

237 1810 281 1870 De
298 1809 411 1872 vr’sione
427 1812 517 1889 DEI,
536 1815 601 1875 sive
618 1812 655 1874 da
670 1813 761 1874 Icorra
786 1819 818 1873 et
844 1815 916 1875 taci-
969 1815 1168 1876 conciliorum
1189 1813 1330 1874 Cusanus
1347 1811 1482 1878 disserit,
1496 1809 1675 1872 4004040040

198 1904 282 1964 444040
304 1907 451 1981 mysticae
471 1908 692 1986 Theologiaep.
712 1906 834 1981 48400
854 1907 915 1969 ta
968 1914 1111 1969 cumenta
1126 1923 1205 1985 quae
1231 1906 1318 1976 allent
1344 1904 1503 1981 originalia
1530 1920 1565 1965 00
1596 1902 1673 1963 muta

195 1996 343 2057 hatemet
359 1999 468 2059 iratres
484 2002 702 2079 Tegeracnses.
967 2001 1055 2080 longo
1071 2017 1131 2063 000
1147 1998 1263 2080 perdita
1278 2015 1333 2077 per
1358 2004 1502 2059 veterum
1531 1995 1675 2059 Coenobio

238 2090 281 2148 De
291 2088 360 2151 lado
371 2087 454 2169 globi
467 2095 548 2153 vitae
562 2093 712 2155 humanae
726 2110 779 2171 per
789 2094 913 2157 sentitus
968 2111 1037 2156 rum
1053 2095 1201 2168 armaria,
1219 2108 1279 2152 non
1302 2093 1368 2151 sine
1396 2107 1510 2168 magna
1536 2089 1674 2168 diligentia

197 2183 323 2260 spinales
333 2194 473 2246 centrum
491 2185 579 2246 ferire
588 2187 764 2265 gestientis„
776 2185 844 2246 libri
853 2184 913 2246 duo
968 2187 1267 2265 0044034000.Ηίῑοοε
1288 2184 1354 2244 libri
1380 2184 1505 2261 saepius
1532 2184 1631 2244 (00004
1651 2182 1673 2239 40

196 2293 263 2355 003.
270 2277 339 2337 408.
348 2277 532 2357 dialogorum
544 2295 626 2339 more
635 2279 717 2357 prior
726 2295 797 2340 aum
805 2279 915 2340 laban·
969 2280 1100 2349 Simonis
1118 2279 1253 2341 schardii
1269 2283 1465 2355 syntagmate
1482 2276 1522 2337 de
1539 2273 1672 2354 imperiali

196 2387 235 2430 ne
263 2372 345 2432 Duce
366 2374 530 2448 bavariae,
544 2373 620 2434 alter
636 2388 707 2434 cum
721 2370 846 2433 lllherto
861 2374 916 2434 Da-
967 2373 1180 2436 iurisdictione
1196 2379 1229 2432 et
1237 2377 1387 2449 potestate
1397 2370 1674 2431 Ecclesiastlcaba·

199 2464 300 2523 variae
317 2466 420 2539 Duce,
437 2465 639 2527 adolescente.
844 2480 847 2485 ·
969 2466 1061 2526 sileae
1078 2466 1166 2527 4559.
1183 2463 1375 2541 argentorati
1393 2462 1472 2523 4609
1491 2469 1524 2522 04
1542 2459 1675 2535 4643404.

237 2555 916 2638 Compertdriimsivedirectiospeculandaeve-
968 2542 1675 2636 4000ῑο40000000000000440430004004404440·

196 2648 312 2721 0440440,
329 2648 368 2709 00
384 2650 516 2712 eundem
532 2651 705 2714 albertum.
718 2669 784 2731 pag.
803 2652 871 2713 439.
968 2651 1023 2731 pni
1050 2650 1202 2729 rejicitur,
1230 2651 1338 2711 obvius
1364 2651 1394 2709 in
1422 2649 1568 2711 Orthuini
1594 2648 1675 2710 Orati

236 2740 280 2800 440
296 2742 417 2804 4000004
430 2760 495 2822 pag.
514 2745 583 2806 449.
600 2745 741 2822 Dialogus
762 2744 915 2805 trilocuto·
971 2745 1113 2807 fasciculo
1128 2761 1230 2806 rerum
1247 2741 1488 2821 expetendarum
1515 2748 1548 2802 04
1575 2743 1676 2821 trigies·

200 2836 264 2894 rius
280 2851 351 2896 cam
374 2837 526 2897 Bernardo
546 2843 578 2897 et
598 2837 758 2913 iohanne,
779 2837 817 2897 de
846 2853 914 2915 pos-
969 2837 1076 2899 darum
1094 2854 1159 2918 pag.
1177 2836 1215 2898 79
1237 2843 1268 2898 04
1283 2853 1354 2898 cum
1368 2838 1467 2896 veteri
1483 2835 1615 2897 editione
1629 2836 1676 2896 ho

197 2926 338 2989 nihilitate
358 2930 424 2989 sive
444 2930 569 2990 materia
590 2929 739 2990 Universi.
759 2930 869 2992 Conler
880 2930 914 2991 li·
970 2933 1098 2992 nationis
1114 2937 1146 2991 et
1163 2931 1263 2992 Vallae
1280 2932 1311 2989 in
1325 2928 1453 2990 eandem
1468 2927 1675 2991 declamatione

196 3021 284 3083 hrum
301 3023 470 3084 secundum
487 3022 525 3083 de
537 3021 624 3084 docta
638 3023 804 3101 ignorantia
816 3025 913 3102 capite
968 3041 1119 3099 excusus,
1136 3031 1299 3102 excerptus
1313 3030 1362 3084 est
1378 3039 1418 3083 ex
1434 3023 1503 3085 libri
1521 3025 1548 3085 ll
1564 3067 1573 3099 ,
1588 3023 1674 3101 capite

196 3116 226 3176 8.
242 3132 310 3197 003.
337 3117 395 3193 34,
414 3132 460 3194 sq.
487 3116 596 3178 librum
620 3115 658 3177 00
678 3117 840 3177 000044000
867 3132 915 3178 00-
971 3121 983 3180 4
1000 3135 1089 3196 ,pag
1105 3116 1184 3191 780,
1202 3133 1267 3195 seq.

197 3210 327 3287 04004400
338 3226 402 3288 cap.
416 3211 532 3290 l3pag.
545 3208 667 3286 307,οι
677 3210 715 3271 00
726 3211 810 3289 apice
831 3211 916 3272 theo·
1011 3209 1162 3289 Epistobne
1181 3210 1339 3288 V11,pag.
1361 3209 1422 3270 845
1443 3226 1575 3286 quarum
1596 3212 1679 3288 004040

197 3303 258 3363 0400
279 3319 345 3381 pag.
368 3302 436 3364 335.
457 3304 682 3364 Excitationum
712 3303 762 3364 lib.
782 3304 815 3378 4,
847 3319 914 3382 pag.
971 3302 1029 3364 40.
1046 3304 1124 3365 4444
1144 3303 1281 3363 40040040
1301 3302 1562 3364 Francotordiensi
1582 3306 1678 3380 scripte

199 3396 277 3472 350,
296 3413 383 3473 seqq.
972 3398 1010 3458 de
1027 3403 1176 3476 potestate
1193 3398 1344 3457 Romanae
1364 3395 1521 3458 Ecclesiae
1542 3397 1581 3458 ad
1599 3395 1681 3458 llode

237 3489 281 3546 De
299 3484 410 3564 0000440
428 3488 493 3547 0400
510 3487 633 3564 speculo
650 3487 847 3549 intellectuali
862 3505 917 3567 per
972 3493 1068 3551 risum
1086 3489 1125 3550 00
1141 3491 1290 3566 4000400,
1307 3487 1583 3566 archidiaconum,
1602 3491 1680 3568 440340

200 3578 280 3656 quod
299 3595 348 3638 res
365 3579 585 3655 cognoscimus.
603 3595 670 3657 pag.
687 3578 756 3639 407.
972 3583 1121 3646 castellae
1131 3583 1297 3644 Oratorem.
1316 3584 1461 3645 caeterae
1478 3583 1588 3645 sexad
1599 3582 1679 3645 Delta

239 3670 283 3729 De
292 3667 362 3728 dato
376 3668 479 3728 Patris
490 3667 637 3730 luminum
647 3673 663 3729 4
667 3671 749 3731 acob.
760 3674 783 3750 4,
802 3672 839 3735 47
850 3689 916 3754 pag.
972 3693 1045 3753 enos,
1059 3677 1097 3738 de
1115 3693 1174 3738 usu
1184 3677 1423 3748 communionis,
1438 3683 1470 3737 et
1482 3677 1681 3756 amplectende

57 3736 60 3743 ⁴
92 3775 99 3790 ‘
199 3762 259 3824 484
289 3762 328 3823 00
356 3760 546 3835 Gerhardum
565 3764 749 3843 Episcopum
774 3766 918 3828 Solonen-
974 3774 1084 3833 unione
1100 3769 1262 3833 Ecclesiae.
1280 3786 1347 3848 pag.
1365 3771 1435 3830 845.

198 3860 319 3933 sema).
1014 3863 1154 3942 Dialogus
1166 3864 1325 3925 Petrinum
1343 3863 1471 3937 Graeco,
1487 3863 1595 3940 Arabe,
1610 3864 1682 3936 ludo,

239 3952 284 4012 440
300 3948 471 4030 generando
488 3951 603 4013 DEUM
616 3971 645 4032 0.
662 3952 716 4015 494
747 3953 823 4015 liber
846 3956 921 4015 scri-
975 3957 1290 4035 Chaldaeo,ludaeo,
1307 3955 1442 4033 Scytha,
1459 3956 1547 4018 Gallo
1561 4005 1570 4032 ,
1584 3958 1682 4029 Persa,

200 4052 274 4124 ptus
289 4047 458 4123 bloguatiae
475 4045 533 4107 40.
550 4047 638 4107 4445.
865 4092 868 4096 ι
976 4051 1071 4130 Syro,
1092 4053 1244 4129 Hispano,
1266 4052 1384 4122 Turco,
1406 4048 1597 4125 Alemanuo,
1622 4053 1683 4111 Tar·

240 4138 284 4196 440
301 4138 456 4200 versatione
474 4138 651 4218 Sapientiae
668 4158 696 4220 p.
711 4142 771 4203 498
789 4139 863 4202 liber
878 4141 921 4203 le·
976 4152 1041 4206 taro
1059 4189 1066 4220 ,
1086 4142 1238 4217 Armeno,
1259 4142 1411 4216 Dohemo,
1434 4149 1466 4202 et
1486 4142 1632 4221 4034400,
1655 4141 1684 4203 de

205 4239 257 4292 cta
275 4231 385 4309 dignus
403 4234 560 4310 imprimis.
847 4222 850 4229 ’
978 4241 1056 4299 Pace
1072 4255 1127 4300 000
1145 4233 1365 4299 Conoordantia
1378 4232 1484 4312 Fidei,
1498 4254 1568 4317 pag.
1585 4238 1652 4299 864.

242 4325 285 4383 440
298 4323 384 4402 apice
411 4323 544 4387 44000400
570 4327 708 4406 dialogus
734 4343 806 4388 cum
834 4329 921 4389 Petro
1018 4329 1174 4395 cribratio
1184 4328 1337 4390 44000004
1351 4329 1389 4390 00
1411 4331 1498 4392 Pium
1524 4332 1685 4393 secundun

204 4418 354 4480 Canonico
370 4424 401 4478 et
417 4419 537 4480 Decano
553 4422 585 4481 B.
614 4421 723 4481 itariae
747 4419 919 4497 Aquensis,
977 4430 1090 4506 scripta
1106 4424 1162 4485 An.
1183 4426 1260 4485 4460
1277 4424 1361 4483 libris
1378 4424 1432 4496 lll,
1450 4440 1518 4502 pag.
1532 4426 1601 4484 869.
1617 4427 1685 4486 liaeo

204 4508 378 4570 Leodiensis
394 4510 549 4574 dioecesis.
566 4530 631 4592 pag.
650 4512 717 4574 334.
974 4522 1085 4601 legitur
1106 4521 1197 4579 etiam
1220 4519 1249 4577 in
1271 4515 1417 4576 Theodori
1446 4517 1610 4578 Bibliandri
1632 4518 1686 4596 syl·

244 4604 287 4662 440
300 4604 381 4664 DEO
402 4603 573 4668 abscondito
594 4606 731 4684 dialogus
745 4605 873 4666 Gentilis
889 4613 919 4667 et
973 4619 1039 4694 loge
1076 4616 1256 4691 scriptorum
1282 4607 1431 4671 adversas
1458 4610 1687 4672 Muhamedanoe

208 4695 379 4757 Christiani.
397 4701 465 4778 Pag.
483 4700 552 4760 337.
975 4710 1063 4772 440044.
1082 4708 1180 4780 4543,
1201 4705 1250 4764 404.

248 4787 339 4847 44440
352 4791 581 4852 autumnatione
603 4793 636 4852 B.
661 4790 790 4870 Virginis
804 4793 921 4855 Mariae
1017 4801 1197 4879 conjectura
1213 4797 1249 4858 de
1265 4795 1437 4857 nouissimis
1458 4794 1566 4858 diebus
1586 4816 1615 4877 p.
1637 4798 1688 4858 934

209 4877 337 4939 0000400
359 4883 507 4963 Dialogus.
525 4902 591 4964 pag.
615 4886 682 4945 343.
977 4899 1009 4956 40
1028 4912 1089 4973 qua
1106 4894 1273 4953 lateralia:
1291 4891 1332 4950 Et
1348 4886 1501 4950 videbitur
1516 4908 1582 4971 ipsa
1595 4889 1689 4952 Eccle-

225 5015 229 5020 -
251 4997 278 5055 a)
295 4999 409 5049 0000000
422 5003 593 5057 saonensem.
972 4990 1019 5050 sic
1039 4986 1194 5065 intingui,
1213 4983 1286 5065 quia
1312 4981 1412 5046 sancti
1426 4980 1561 5064 40004044
1573 4990 1687 5046 satam
