3458 5332
645 363 982 431 4444444444
1105 329 1107 335 ’
1494 366 1553 429 444

93 472 207 555 4444444
220 474 419 550 Prumieusis,
434 472 524 552 cujus
543 470 718 537 8444444444
735 474 780 535 in·
832 475 912 536 circa
923 472 1047 536 Annum
1063 469 1122 534 880
1139 469 1350 550 scriptorlibri
1365 469 1402 533 de
1419 476 1555 533 44444444

53 571 175 633 stitutio
189 568 254 646 eiq;
269 566 439 631 subiectum
459 566 664 631 lectionarium
685 568 777 630 totius
833 565 1005 629 4444444444.
1020 563 1095 627 Vide
1108 562 1262 627 Ondiuom
1275 570 1347 625 tona
1364 566 1389 626 ll
1403 583 1470 645 pag.
1485 567 1553 628 500.

51 666 140 741 anni,
155 678 229 725 cum
246 661 459 740 superscriptis
487 662 567 723 nolis
580 661 702 723 44444444
722 659 778 723 loit
864 655 1556 733 assumatisutuemNaLouspalusm

54 755 135 837 apud
148 756 255 817 Virum
276 753 484 815 Clarissimum
510 752 697 817 Gerberdum
716 766 777 815 4444
830 754 992 830 TOLDUS,
1008 751 1169 830 Presbyter
1182 750 1467 813 constantiensium
1478 752 1554 813 Sve-

55 845 230 919 4444444444,
245 853 280 909 44
306 847 339 926 444
355 845 536 909 Bibliotheca
551 847 652 911 iacobi
666 846 776 925 Krpsii.
830 849 892 927 via,
906 845 1118 911 circadalium
1133 845 1263 925 4088144
1274 843 1434 905 Gelasiano
1445 844 1554 906 (lodice

55 941 142 1005 lldde
155 939 333 1003 1444444444
348 940 515 1019 Epistolam
542 941 573 1001 iu
592 938 777 1003 celeberrimi
830 941 958 1021 4444444444
972 941 1142 1020 composuit
1159 935 1301 1000 04444444
1315 937 1501 1010 Remmia,
1517 935 1556 999 ds

56 1036 172 1099 stravit
189 1032 409 1096 introductione
422 1032 461 1096 ad
475 1035 584 1097 llistcr.
601 1035 736 1095 litterar.
746 1051 776 1112 p.
830 1033 920 1114 cuius
928 1035 1021 1097 4444444
1030 1031 1210 1096 editionibus
1223 1037 1255 1092 et
1267 1028 1555 1108 interpolationibus,

58 1130 125 1192 4044
142 1126 298 1191 oudinum
315 1133 387 1188 tom.
401 1127 428 1188 ll
448 1142 513 1206 png.
532 1127 592 1189 408
603 1131 635 1188 et
653 1127 777 1188 loconis
830 1128 1032 1205 emtariisque
1063 1124 1181 1188 dicendi
1209 1125 1294 1189 locus
1321 1123 1416 1199 inira,
1443 1123 1554 1185 OltDO.

55 1221 176 1301 Georgii
191 1219 377 1283 schelhornii
391 1216 778 1283 Amoeoitstcsthtersrias
830 1222 964 1286 4444444444
979 1221 1127 1287 Honorius
1143 1220 1192 1295 444,
1215 1220 1253 1281 43
1269 1217 1307 1280 44
1335 1219 1366 1279 8
1382 1217 1417 1279 44.
1440 1222 1473 1279 44
1490 1218 1555 1278 Tri·

56 1322 129 1377 tom
146 1315 177 1377 X
204 1330 271 1394 pag.
300 1314 387 1375 4408.
415 1313 562 1377 Natorum
591 1310 778 1377 4444444444
831 1308 1556 1393 mentuscap.2tesneqneamdejusonioqnanr

57 1409 236 1489 specimina,
248 1407 354 1487 quales
369 1398 495 1470 44444444
511 1406 779 1469 veteribusllccle·
832 1408 976 1471 relerunt
990 1408 1034 1471 Oe
1047 1407 1115 1471 aliis
1134 1407 1267 1487 scriptis,
1293 1422 1371 1484 qtrae
1397 1404 1467 1467 hnic
1488 1406 1559 1465 lter-

58 1502 110 1565 siis
125 1499 369 1585 Oscidenmlibus
379 1498 449 1561 ante
459 1501 571 1579 aliquot
581 1501 706 1563 8444444
717 1501 779 1564 444·
832 1500 935 1580 noldc,
951 1501 1031 1563 sive.
1049 1506 1085 1563 ut
1099 1499 1178 1581 apud
1198 1498 1391 1578 anonymum
1408 1498 1558 1561 blellicrs·

56 1602 150 1670 44444,
166 1599 290 1655 exstant
305 1593 385 1672 apud
401 1593 592 1656 lambecium
608 1593 657 1655 lib.
674 1594 694 1657 8
711 1611 777 1673 pag.
832 1610 898 1657 scm
923 1611 988 1675 cap.
1007 1595 1061 1658 404
1080 1599 1222 1664 vocator,
1238 1590 1442 1655 8834444400
1462 1590 1557 1652 triba·

56 1687 131 1762 703,
146 1685 208 1749 783
222 1694 254 1749 44
266 1688 315 1751 lib
330 1689 349 1749 3
365 1704 394 1766 p.
412 1688 481 1762 438,
498 1685 553 1749 804
564 1731 572 1764 ,
584 1685 644 1752 807
654 1692 686 1748 44
698 1685 778 1766 apud
832 1694 942 1763 untur,
958 1704 1029 1751 mox
1046 1687 1121 1749 inira
1136 1688 1171 1749 in
1186 1684 1424 1750 ouarflotoo.

56 1782 214 1861 lingonen
242 1779 415 1843 Menardum
442 1779 480 1841 ad
507 1781 780 1843 sacramentarium
872 1781 1128 1845 BEllliOWlNllS
1152 1783 1250 1842 Poeta
1279 1778 1353 1843 Vide
1377 1777 1454 1841 Acta
1479 1778 1557 1840 saa·

56 1872 192 1954 Gregorii
203 1875 240 1937 44.
255 1891 320 1954 pag.
336 1872 418 1935 7844
433 1874 463 1935 in
474 1875 507 1936 3.
519 1872 708 1952 staponusti
728 1888 781 1934 nc·
834 1883 907 1939 otor.
924 1882 998 1937 tom.
1015 1876 1053 1937 Vl
1066 1876 1148 1937 lunii
1165 1892 1194 1954 p.
1213 1875 1260 1937 44.

57 1966 112 2029 stri
128 1967 239 2029 llistor.
255 1966 370 2028 liuciae.
387 1966 548 2047 bruburg.
566 1973 638 2029 tom.
655 1967 696 2031 444
713 1982 781 2047 pag.
875 1969 1073 2032 BEROLDUS
1088 1963 1468 2031 lledioiauensisclmalltr.
1480 1965 1558 2028 tiss

58 2059 121 2123 337
132 2066 254 2125 4444444
270 2062 310 2122 444
324 2077 390 2140 pag.
405 2059 473 2126 887.
835 2060 1083 2144 camaldunensis,
1098 2055 1557 2137 4444444444444445444444444,

97 2149 277 2235 8444444444
292 2149 514 2215 Gcmblccemr's-
532 2151 570 2213 de
590 2153 690 2232 seipso
715 2168 779 2232 cap.
836 2166 867 2219 ot
888 2156 1029 2219 Ordinem
1044 2148 1458 2228 secrctamsecretam
1474 2151 1558 2214 4488.

62 2246 128 2311 478
136 2246 338 2310 4444144444
347 2244 781 2327 444404444444444444444444
835 2256 982 2313 memorat
997 2248 1157 2311 Picincllus
1172 2262 1239 2327 pag
1256 2246 1306 2308 34.
1323 2244 1471 2307 Athenaei
1480 2244 1559 2353 Scri-

58 2339 96 2405 44
109 2339 241 2418 Samiis,
258 2341 394 2403 44444444
404 2345 433 2401 44
444 2337 587 2403 84404444
602 2337 769 2419 4444444444.
835 2352 956 2426 pteram
972 2341 1248 2404 Mediolanensiom.

96 2433 207 2499 8444444
239 2433 386 2497 7444444444
424 2435 638 2497 Dominicanus
672 2436 783 2497 scotus
865 2362 1558 2510 rmobmsssarntnuacxcancallarioaulae

59 2530 140 2593 44444
151 2527 278 2591 stonum
293 2530 370 2592 4840
382 2534 507 2591 cantum
518 2527 669 2590 rudiorem
680 2527 784 2591 Eccle-
836 2534 958 2596 Ducalis
974 2533 1171 2605 Venetorum,
1186 2529 1356 2609 Episcopus
1371 2528 1402 2588 ln
1411 2525 1560 2588 Dalmatia

60 2623 215 2687 4444044444
231 2623 361 2684 institnit
377 2621 552 2699 emendare,
570 2623 690 2701 scriptis
710 2620 784 2684 duo
836 2628 954 2689 Veneta
971 2625 1142 2704 veglensis,
1157 2624 1209 2702 qni
1225 2620 1314 2684 Anno
1341 2620 1420 2684 4345
1433 2618 1560 2699 scripsit

61 2714 223 2779 1444444Μῦ
239 2713 526 2789 ΡΜΜΜ,
542 2720 574 2775 44
587 2712 722 2777 44444444
734 2713 784 2776 44-
837 2718 1031 2801 splendorem
1042 2714 1298 2781 044444444444444
1315 2712 1453 2777 Ciuitatis
1471 2712 1560 2773 Verte·

59 2807 301 2884 4444444444444,
318 2815 487 2888 4444444444
502 2807 539 2869 dc
561 2808 661 2871 44444
683 2807 785 2869 44444-
837 2818 949 2889 torum,
964 2814 1024 2874 448.
1045 2813 1077 2873 in
1097 2808 1280 2872 Bibliotheca
1296 2809 1458 2893 Caesarea,
1477 2810 1559 2866 teste

58 2900 183 2965 44444444
196 2901 381 2982 4444444444.
399 2902 472 2964 Vide
497 2901 642 2965 iacobum
667 2900 782 2963 4444444-
834 2908 991 2969 lambecio
1007 2913 1081 2967 tom.
1100 2906 1127 2965 11
1144 2922 1172 2983 p.
1191 2904 1259 2964 083.

61 2994 136 3059 dum
150 3003 222 3059 44444.
241 2997 263 3058 l.
281 3013 346 3075 pag.
362 2997 438 3058 cxl.
860 3000 955 3062 44444
972 3006 995 3059 t.
1012 3000 1061 3061 vl.
1083 2997 1152 3061 347.
1176 2996 1322 3076 Quamvis
1347 2992 1499 3055 adnotatio
1521 2991 1560 3053 ad

97 3087 271 3153 4444044444
286 3088 323 3151 444
335 3091 366 3152 S.
387 3087 500 3151 Vr'clsre
517 3087 657 3151 laudatos
676 3088 783 3169 allio-
837 3092 909 3156 (lod.
924 3093 1186 3153 vindobonensem
1211 3108 1228 3151 a
1249 3088 1407 3149 lambecio
1430 3085 1561 3145 indicata

59 3186 160 3245 centio
177 3184 289 3247 Bellov.
305 3185 337 3245 in
353 3183 482 3262 Speculo
499 3181 662 3245 4444444444.
726 3226 730 3237 -
838 3188 896 3248 lert
917 3187 1061 3248 lacobum
1086 3185 1167 3245 hunc
1189 3184 1346 3261 scripsisse
1372 3195 1448 3260 opos
1471 3194 1562 3239 snum

96 3275 273 3357 Rtrdolpluts
289 3276 390 3339 Abbas
403 3278 483 3337 circa
506 3274 630 3337 Annum
652 3274 730 3338 4430
752 3276 783 3335 44
837 3298 885 3341 an.
909 3280 996 3342 4345.
1018 3284 1136 3341 certonl
1156 3285 1205 3338 cst
1224 3281 1328 3336 tameo
1347 3279 1501 3334 auctorem
1515 3288 1563 3332 re-

61 3373 175 3434 144444
183 3373 378 3433 acutissimas
391 3370 560 3432 celebratur
571 3367 610 3431 ab
625 3366 785 3446 Aooopmo
837 3380 957 3435 centem
972 3373 1098 3435 huiusce
1111 3369 1317 3432 annotationis
1337 3378 1473 3441 errasse,
1492 3380 1562 3425 nam

60 3466 225 3529 llcllieeusi
238 3480 304 3543 cap.
323 3465 390 3526 403.
814 3479 816 3483 ’
837 3466 996 3528 Bertaldos
1016 3464 1088 3526 obiit
1108 3482 1159 3526 ao.
1182 3465 1274 3526 4345.
1296 3470 1331 3524 ut
1351 3478 1389 3523 44
1410 3459 1501 3521 allata
1516 3474 1563 3519 ee·

104 3558 273 3638 4744444444
284 3557 454 3635 (Anonymc
465 3558 627 3619 bellicensi
639 3573 704 3636 cap.
716 3555 784 3618 400.
838 3558 983 3638 pulchrali
996 3561 1062 3620 eins
1077 3559 1239 3639 epigraphe
1251 3557 1347 3635 aliisq.
1358 3553 1564 3616 monumentis

59 3654 233 3734 1444444444,
262 3649 457 3726 Theokariusl
483 3649 605 3711 Ordinis
633 3648 785 3710 Benedicti
838 3655 950 3714 evincit
963 3656 993 3714 Ρ.
1007 3655 1092 3715 lcan.
1107 3654 1189 3733 liegii
1203 3651 1338 3731 Agnetini
1361 3646 1495 3728 (Notim'c
1511 3644 1563 3708 dc·

59 3747 139 3807 circa
154 3746 236 3807 circa
248 3743 369 3806 Annum
386 3744 464 3807 4448
480 3744 648 3822 Episcopus
671 3744 785 3805 4444444-
835 3743 881 3824 444Ι
894 3745 1039 3808 Seriane·
1053 3745 1213 3810 Verissimi
1227 3748 1249 3806 1.
1265 3744 1353 3821 547.)

55 3842 120 3917 ¹sis,
136 3837 228 3917 cujus
244 3840 419 3900 Tractatum
434 3836 472 3899 de
497 3838 610 3899 llosica
625 3835 785 3915 Anonymo
875 3838 1042 3914 BEllTllll,
1055 3842 1121 3901 sive
1137 3836 1352 3913 4488444484,
1376 3854 1455 3916 quae
1481 3836 1562 3898 cirea

60 3931 161 3995 eidem
173 3931 330 3994 laudatum
356 3929 454 3993 adhuc
481 3937 583 3993 servat
602 3929 785 3992 Bibliotheca
832 3929 956 3993 Annum
973 3933 1050 3994 40440
1071 3934 1192 4010 scripsit
1211 3929 1307 3992 Vitam
1320 3930 1351 3991 8.
1368 3926 1558 4003 4444044444,

59 4026 364 4103 tegernseensium
390 4041 451 4103 qua
471 4024 627 4104 prologum
647 4022 784 4103 vulgavit
836 4028 950 4104 primae
964 4025 1139 4087 Abbatissae
1151 4025 1307 4085 Vilicensis
1318 4022 1492 4083 iuDinecesi
1507 4022 1563 4084 Oo-

59 4116 233 4180 lleruardus
249 4119 305 4180 Per
324 4119 447 4180 Praelat.
464 4116 502 4178 ad
512 4124 583 4179 tom.
598 4117 637 4180 lV
649 4114 785 4180 4444444-
838 4119 977 4196 molensi,
997 4127 1028 4180 et
1038 4119 1198 4182 deiunctae
1208 4116 1265 4180 An.
1280 4118 1360 4179 4045
1373 4131 1452 4194 quae
1462 4122 1564 4177 exstat

61 4218 164 4273 torum
180 4228 248 4291 pag.
266 4213 318 4273 lx.
376 4230 379 4237 ’
838 4212 919 4292 apud
932 4214 1055 4276 Surium
1072 4220 1105 4275 et
1122 4215 1153 4274 in
1168 4212 1256 4276 lctis
1269 4211 1483 4273 Sanctorumb
1507 4209 1564 4270 Fe·

102 4303 250 4384 64444444
269 4303 355 4366 Vallo
380 4307 571 4369 Placentinus
597 4306 681 4368 libris
699 4306 725 4367 V
744 4305 784 4368 de
838 4305 948 4368 bromii
965 4324 1031 4388 pag.
1048 4307 1082 4371 74
1090 4308 1117 4369 l.
1132 4307 1248 4369 Laudat
1259 4304 1418 4367 Corradus
1443 4305 1475 4363 in
1495 4302 1564 4364 Vita

22 4442 25 4446 -
59 4401 189 4475 Musica,
205 4399 335 4463 Graecos
351 4402 542 4479 potissimum
569 4396 707 4476 44444444,
728 4398 784 4459 sed
837 4399 987 4463 Wolielmi
1002 4403 1070 4481 iqui
1086 4400 1261 4463 Adelbeidis
1287 4397 1463 4473 irater-luit)
1480 4392 1562 4477 apud

59 4500 92 4554 et
107 4491 276 4555 Boethium.
294 4494 425 4555 Exstant
439 4496 469 4554 in
486 4491 554 4571 ejus
570 4493 667 4572 Opere
683 4491 785 4553 44444-
838 4494 970 4557 cundem
988 4498 1112 4558 Surium
1128 4503 1160 4557 et
1179 4497 1208 4556 in
1223 4494 1308 4556 llctis
1321 4493 1360 4555 88
1377 4489 1496 4571 Aprilis.

57 4584 199 4666 petendis
213 4592 245 4647 et
262 4585 409 4666 fugiendis
426 4587 531 4663 rebus,
549 4601 661 4646 excuso
687 4587 784 4647 Vene-
879 4590 1135 4666 BEltTllAltlUS,
1152 4592 1218 4649 sive
1231 4584 1563 4649 lllllllrllllUSexlte·

58 4683 113 4743 tiis
129 4680 202 4743 4504
224 4682 336 4758 ingenti
352 4680 509 4743 volumine
526 4683 556 4740 io
573 4679 649 4741 lolio.
838 4701 912 4764 gum
929 4685 1111 4745 Francorum
1126 4684 1219 4761 stirpe
1235 4678 1337 4741 Abbas
1350 4677 1560 4752 Cassinensis,

103 4772 271 4835 Virrccntius
297 4773 516 4836 bellovacensis
532 4775 653 4855 speculi
668 4775 783 4836 1444444-
836 4783 868 4839 et
885 4793 903 4837 a
921 4777 1078 4839 Saracenis
1094 4775 1290 4836 obtruncatus
1307 4773 1421 4850 Martyr
1430 4768 1488 4832 4444.
1500 4770 1560 4833 883

62 4868 141 4930 natis
158 4865 233 4927 libro
249 4868 316 4928 xvi
332 4884 396 4949 cap.
414 4868 520 4930 40-35.
835 4872 875 4933 38
890 4869 1041 4945 Octobris,
1059 4870 1178 4948 scripsit
1186 4886 1224 4928 ex
1236 4868 1355 4929 Veteris
1369 4864 1489 4929 Codicis
1498 4864 1559 4925 4444

104 4958 277 5025 woutoum
292 4961 455 5025 blonaebua
471 4961 784 5031 etPracentorEccle-
836 4971 868 5025 et
884 4969 963 5025 teste
978 4965 1077 5024 Leone
1086 4962 1217 5023 Ostiensi
1236 4961 1285 5023 ida
1300 4964 1312 5024 4
1334 4976 1399 5042 cap
1410 4960 1451 5025 34
1463 4966 1495 5020 et
1507 4960 1560 5021 Pa·

59 5056 122 5118 siae
135 5055 316 5137 wentanae,
326 5058 391 5119 sive
406 5055 622 5121 Wintoniensis
636 5058 667 5119 in
676 5054 785 5136 Anglia
836 5065 883 5121 tm
893 5059 1096 5136 Diaconooap.
1114 5056 1153 5119 43
1164 5051 1256 5119 libror
1268 5053 1343 5119 4444
1352 5050 1560 5138 dulceamina
