3464 5318
601 312 1033 384 nananan‘nms·
1499 316 1558 384 loe

54 441 188 500 assertor
202 433 232 493 in
248 425 433 510 Apolopetico
451 430 556 488 contro
570 425 781 488 bernhardum
834 427 966 505 dirigens
983 424 1164 507 opusculum
1190 424 1248 486 hoc
1265 422 1460 505 Mandagotus
1485 429 1558 487 scri-

56 523 334 594 Glaraeoallensem
348 521 449 600 judice
466 521 639 599 Petrarcha,
656 520 783 602 inspeetis
834 523 878 583 bit
898 523 964 583 444.
981 520 1048 581 viro
1066 524 1118 580 etc.
1133 519 1216 578 44444.
1233 517 1417 599 Eerenpario
1438 516 1561 581 Fredoli

55 619 254 696 acrimoniae,
273 620 304 677 in
318 616 451 696 Epistola
469 613 508 676 ad
530 613 780 692 carthusienses,
834 612 1005 677 succentori
1023 611 1175 673 Ecclesiae
1199 611 1380 672 biterrensis
1396 614 1479 672 nom.
1502 614 1562 672 Pa-

54 723 88 777 ot
103 713 147 775 ad
159 711 340 792 Episcopum
360 707 576 783 itimatensem,
592 725 671 786 quae
691 715 721 769 et
738 710 784 767 in·
831 726 891 790 pue
909 705 1084 789 Capeliano,
1101 710 1131 766 et
1144 705 1266 766 doctori
1278 703 1492 786 soeundissimo
1503 707 1561 767 444-
1581 726 1585 734 ·

54 817 103 871 ter
119 809 232 870 PETlll
249 803 399 866 abailardi
416 803 578 882 Epistolas‚
595 808 627 862 et
638 803 666 861 in
680 801 781 863 Eulaei
836 807 999 863 cretarum.

53 902 185 966 Historia
202 897 381 960 Academiae
395 897 486 957 Paris.
501 902 573 955 tom.
591 897 616 955 ll
634 912 699 974 pag.
714 891 781 970 lea,
876 893 1145 957 BEEENGhlllUS
1161 893 1413 973 Archiepiseopus
1432 893 1560 972 Campo

55 992 249 1057 49344484.
268 988 341 1053 Vide
362 991 425 1050 lac.
453 988 648 1051 Thomasium
678 989 708 1047 in
731 988 781 1050 lilii
837 988 997 1063 stellanus,
1014 985 1154 1064 cujusde
1177 984 1328 1048 4444444444
1351 1003 1458 1047 rerum
1475 987 1560 1049 lucu·
1646 1017 1651 1028 ·

54 1087 221 1150 Christiani
238 1084 363 1144 historia
386 1082 551 1162 sapientiae
581 1087 613 1142 et
636 1083 782 1146 stultitiae
836 1082 932 1143 hratio
949 1080 1025 1141 vidit
1039 1080 1138 1142 lucem
1154 1081 1309 1158 Augustae
1325 1078 1360 1140 A.
1377 1080 1464 1142 isat.

54 1189 77 1240 t.
95 1180 108 1241 l
125 1196 192 1258 pag.
208 1179 266 1240 444
284 1193 370 1255 seqq.
388 1175 481 1236 Baelii
499 1176 628 1235 Lexieon
656 1175 686 1234 in
706 1191 797 1251 insece⁸
875 1173 1143 1236 EEllEh'GlllllUS
1159 1175 1328 1253 Episcopus
1341 1173 1557 1251 Gerundensis‚

54 1274 223 1350 Berenpm,
240 1277 271 1329 et
285 1268 438 1331 Oudinum
456 1273 528 1328 tom.
544 1268 569 1328 ll
581 1285 647 1347 pag.
659 1269 727 1331 448.
738 1269 782 1328 444
836 1266 925 1346 cujus
935 1265 1072 1346 Epistola
1082 1265 1266 1346 dereliquiis
1277 1268 1331 1328 SS.
1347 1264 1464 1344 Felicis,
1478 1267 1566 1327 Nar--

56 1366 116 1427 hoc
127 1364 304 1443 berengario
320 1364 452 1424 loannes
468 1361 583 1422 Gerson
601 1355 633 1420 in'
653 1368 783 1423 tractatu
836 1362 910 1424 44444
923 1369 980 1421 etc.
999 1362 1030 1421 in
1046 1360 1130 1422 Actis
1139 1361 1320 1423 Sanctorum
1329 1367 1402 1421 tom,
1416 1363 1451 1421 ll.
1462 1363 1559 1422 llartii

56 1467 163 1521 contra
177 1458 371 1518 domantium
387 1454 425 1517 de
440 1458 518 1516 Rosa
534 1462 606 1514 tom.
625 1456 663 1515 444
680 1454 784 1515 editio-
836 1472 902 1536 pag.
919 1457 987 1518 4443.
1544 1519 1547 1522 ,

57 1555 107 1614 nis
123 1567 221 1612 novae
237 1566 304 1628 pag.
323 1551 390 1611 304.
409 1548 446 1609 444
455 1545 529 1624 seio,
545 1546 783 1627 qnodllercnpa-
880 1548 1282 1624 cenomannensium,
1299 1549 1469 1628 llispanus,
1486 1547 1563 1611 dra·

56 1645 142 1720 rius,
160 1642 246 1704 Petri
258 1639 386 1703 Abclart
401 1638 580 1721 discipulus,
600 1641 710 1722 (cujus
723 1659 784 1701 me-
836 1647 979 1722 gonensis
1012 1644 1342 1721 Caesar-Augustanus
1374 1643 1560 1720 carmelita,

54 1737 175 1799 rninr'sti
197 1735 346 1816 saepius)
371 1751 440 1795 enm
468 1733 510 1794 ad
543 1732 649 1794 darom
678 1733 784 1796 mortis
837 1739 1013 1818 Theologiae
1036 1740 1163 1813 Ductor,
1191 1737 1262 1798 obiit
1283 1736 1339 1798 An.
1365 1738 1443 1798 4494
1471 1735 1561 1815 cujus

58 1830 238 1907 devenisset,
257 1829 289 1888 in
304 1846 366 1909 qna
388 1827 503 1889 ueritas
523 1826 659 1888 declarat
687 1826 782 1904 bunc,
835 1833 1050 1892 commentaria
1068 1833 1097 1890 in
1113 1832 1235 1893 Sacram
1251 1831 1436 1910 Scripturam
1448 1847 1563 1890 memo-

55 1924 112 2006 qui
127 1922 199 1985 bene
218 1922 337 2004 fecerit,
351 1925 476 2000 4444444
495 1920 558 1981 4444
585 1920 784 2000 apparitionis
836 1931 883 1984 rat
900 1923 1071 1984 Lndovicus
1091 1923 1220 1984 lacobus
1237 1941 1254 1984 a
1282 1925 1312 1984 S.
1331 1924 1435 1986 Carolo
1460 1926 1490 1983 in
1513 1926 1564 1984 El-

55 2015 181 2080 4444444
193 2015 302 2091 nostri,
316 2013 497 2096 suspirando
523 2012 653 2074 dicerit:
680 2014 783 2076 DEUS
836 2016 939 2078 blioth.
958 2017 1147 2078 Carmelitica
1163 2017 1223 2077 MS.

57 2127 145 2173 meus
167 2109 281 2189 (inquit
295 2108 515 2187 Berenparius)
534 2107 619 2168 hodie
635 2106 711 2167 4444ιί
728 2125 784 2187 ap·
876 2108 1143 2171 BERENGlllllUS
1156 2107 1192 2169 de
1207 2108 1287 2171 Valle
1299 2107 1563 2189 dranosa,llispa·

53 2202 185 2287 parebis
200 2203 243 2264 ad
258 2220 356 2263 meam
382 2201 577 2263 444444444444
597 2204 609 2278 (
618 2207 653 2262 ut
670 2205 780 2282 spero)
837 2219 896 2264 nus
919 2203 1101 2278 carmelita,
1123 2205 1230 2265 Sacrae
1255 2205 1427 2283 Scripturas
1447 2205 1561 2281 lector,

51 2304 183 2381 propter
192 2295 404 2377 poenitentiam
420 2312 528 2370 444444,
544 2301 602 2355 aut
618 2294 661 2355 ad
672 2294 783 2356 duram
837 2296 1000 2365 defunctus
1013 2296 1049 2358 Α.
1068 2298 1155 2359 4345.
1181 2298 1282 2359 Etiam
1305 2297 1399 2375 hujus
1423 2298 1563 2359 lucubra-

56 2391 278 2453 dnmnationem
290 2387 490 2466 (sicuttimeo)
497 2393 626 2469 propter
639 2406 696 2459 eos,
709 2396 783 2469 qnos
837 2394 935 2451 tiones
952 2392 982 2451 ln
1003 2390 1149 2469 quosdam
1165 2392 1217 2452 SS.
1235 2391 1396 2452 Bibliorum
1418 2391 1509 2453 libros
1525 2393 1565 2454 ab

53 2502 208 2566 pmuersa
222 2482 359 2544 44444444
375 2481 489 2562 decepi,
506 2499 580 2562 quos
596 2482 718 2562 4444444
735 2501 784 2544 re·
839 2485 945 2547 eodem
963 2484 1036 2547 Lud.
1054 2485 1162 2546 Jacobo
1179 2491 1393 2548 memorantur.

62 2580 176 2642 4444444
187 2577 229 2639 ad
239 2576 437 2640 ueramuiam
447 2575 789 2639 tuiSacramenti.lloec
880 2578 1144 2654 BEEENGOSUS,
1158 2576 1279 2638 Ordinis
1294 2576 1488 2655 benedictini,
1504 2577 1566 2640 Ab·

59 2680 215 2753 postrema
230 2671 322 2732 verba
338 2671 540 2749 suspicionem
559 2671 679 2744 iaciunt,
693 2672 789 2731 Picta«
840 2674 894 2735 bas
911 2675 940 2734 S.
958 2673 1110 2733 Maximini
1137 2673 1344 2749 Trevirensis,
1361 2688 1420 2732 non
1438 2679 1474 2734 ut
1499 2673 1569 2734 Bel·
1684 2666 1688 2675 ’

58 2769 198 2827 viensem
213 2764 294 2825 hunc
310 2780 381 2826 cum
398 2765 564 2825 Turonensi
588 2766 784 2842 Berengario,
841 2768 987 2829 larminus
1003 2766 1132 2826 editione
1150 2767 1246 2844 prima
1262 2765 1328 2826 libri
1344 2765 1382 2825 do
1397 2767 1426 2827 S.
1441 2767 1476 2828 Ε.
1495 2768 1567 2828 Sae-

59 2857 141 2921 44444
159 2863 298 2936 agentem
312 2856 478 2917 Gereonem
491 2855 673 2917 contudisse.
839 2861 907 2922 culo
920 2861 982 2920 Vll.
997 2859 1050 2920 sed
1063 2859 1124 2919 sub
1135 2858 1303 2919 duodecimi
1320 2860 1405 2920 initia
1418 2859 1518 2921 elatus
1528 2858 1564 2921 n

100 2949 369 3012 nenanannlus
400 2947 574 3026 Stedellus,
606 2951 788 3011 Biterrensis
840 2955 920 3016 illd
936 2954 973 3013 ab
992 2955 1119 3014 44444444
1132 2953 1167 3013 V.
1188 2953 1370 3030 lmpemtore
1392 2953 1565 3030 impetravit

58 3043 216 3108 Ecclesiae
243 3048 422 3118 succentor,
440 3041 510 3102 hinc
536 3043 723 3122 Episcopus,
750 3058 785 3104 ac
840 3049 1032 3127 privilegium
1050 3063 1103 3125 pm
1119 3044 1275 3106 advocatia
1301 3062 1374 3105 suae
1401 3045 1564 3120 abbatiae,

58 3136 194 3214 denique
210 3134 376 3198 Cardinalis
391 3134 446 3194 luit
462 3135 616 3210 intereos,
628 3144 719 3214 quem
731 3139 786 3196 Bo-
806 3135 808 3140 ’
840 3141 1020 3219 scripsitque
1047 3139 1200 3216 Opusoula
1226 3137 1305 3198 edita
1319 3139 1460 3199 Coloniae
1487 3141 1565 3201 45544

59 3231 190 3291 ulfacius
213 3230 278 3291 Vlll
296 3231 374 3288 cirea
400 3227 523 3289 Annum
542 3230 620 3291 lata
649 3228 785 3289 adhibuit
839 3241 990 3295 etreeusa
1007 3234 1037 3291 in
1055 3231 1245 3292 Bibliothecis
1262 3232 1448 3305 Patrum,et
1465 3233 1566 3292 novis-

58 3323 101 3385 ad
117 3321 359 3401 componendum
375 3321 483 3382 librum
502 3328 625 3383 4444444
644 3324 786 3382 aaron·
839 3330 915 3387 sime
932 3326 1068 3403 Lugdun.
1084 3332 1155 3386 tom.
1173 3325 1239 3385 Xll.
1252 3325 1295 3383 444
1313 3322 1402 3383 lotide
1416 3328 1446 3383 et
1462 3323 1566 3387 inven-

59 3415 146 3478 lium.
160 3415 257 3493 Huius
274 3415 383 3476 librum
400 3410 436 3476 de
450 3415 598 3476 444444ιί4
612 3431 785 3476 4444444444
840 3421 916 3481 enne
931 3419 1040 3482 Crucis
1052 3417 1223 3479 4444444444
1237 3419 1378 3479 libroslll
1392 3467 1403 3492 ,
1416 3436 1481 3498 pag.
1495 3421 1563 3482 349.

57 3507 220 3571 nicationis
238 3511 422 3570 Trithemius
443 3526 506 3589 cap.
526 3510 586 3571 543
600 3508 715 3585 laudat,
732 3510 785 3588 qui
842 3515 963 3575 Librum
984 3512 1020 3573 de
1040 3511 1182 3592 mysterio
1199 3509 1272 3591 li'prd
1291 3511 1456 3589 dominici,
1476 3520 1508 3575 et
1528 3514 1568 3577 de

59 3607 122 3667 448.
141 3606 198 3666 4444
218 3605 248 3663 44
271 3604 454 3664 Bibliotheca
480 3601 716 3664 llohendoriiana
729 3622 735 3661 :
750 3618 785 3663 nc
841 3609 918 3669 Luce
932 3603 1048 3667 visibili
1060 3612 1089 3666 et
1102 3602 1258 3682 invisibili,
1270 3623 1328 3685 per
1342 3624 1436 3687 quom
1449 3608 1571 3690 antiqui

59 3705 220 3779 praeterea
239 3693 383 3772 0444444,
399 3699 465 3757 sive
481 3695 686 3758 Elucidarium
704 3711 788 3756 sum·
842 3703 947 3762 Patres
957 3705 1135 3760 meruerunt
1146 3698 1300 3761 illustrari
1311 3718 1376 3779 pag.
1389 3702 1448 3762 367
1457 3709 1488 3764 44
1499 3707 1570 3766 Ser·

59 3808 132 3854 mae
147 3792 314 3854 llostiensis
328 3790 496 3855 secundum
509 3789 653 3851 Ordinem
664 3791 789 3850 Littera-
842 3810 943 3854 mones
974 3795 995 3854 V
1021 3793 1059 3854 de
1085 3795 1290 3871 Martyribus,
1318 3795 1567 3874 Conlessoribus,

61 3902 143 3946 rum.
156 3887 234 3945 llaec
245 3891 292 3945 est
309 3886 480 3963 Berengarii
493 3886 618 3945 Somno
632 3881 787 3943 Paeniten-
843 3887 1036 3949 Dedicatione
1053 3887 1206 3947 Ecclesiae
1223 3892 1254 3945 et
1275 3889 1471 3949 veneratione
1491 3892 1570 3952 aoli-

61 3976 166 4053 tialis,
182 3992 259 4055 quae
273 3979 365 4038 etiam
382 3977 442 4037 ns.
462 3977 490 4035 44
508 3976 691 4037 Bibliotheca
713 3975 790 4036 Bod-
844 3982 983 4060 quianam
1004 3997 1069 4058 pag.
1090 3979 1159 4039 tia
1178 3979 1252 4040 Vide
1272 3977 1426 4041 Oudinum
1443 3987 1506 4044 tom
1523 3984 1568 4061 ll,

62 4070 181 4148 leiana,
196 4078 227 4132 et
242 4074 270 4129 in
285 4070 468 4136 bibliotheca
484 4070 605 4149 Collegit
616 4072 700 4130 aenei
710 4070 791 4139 linei,
844 4091 911 4154 pag.
929 4075 1007 4135 lbbl
1025 4075 1076 4151 qui
1091 4079 1193 4133 tamen
1208 4072 1332 4151 tollitur,
1349 4089 1419 4134 cum
1431 4075 1501 4137 huic
1515 4078 1571 4139 Be-

66 4166 156 4226 Diem
174 4165 247 4225 obiit
264 4164 312 4225 hic
329 4165 530 4241 berengarius
546 4162 633 4224 Anno
652 4163 738 4227 leat.
845 4181 971 4245 rengoso
988 4167 1093 4227 tribuit
1108 4166 1359 4226 commentarium
1375 4168 1405 4227 in
1420 4166 1570 4249 Apocaly-

107 4258 124 4291 *
147 4259 180 4317 ln
210 4259 269 4319 tls.
298 4256 371 4319 Cod.
393 4257 541 4318 Caesareo
556 4255 792 4317 Windobonensi
846 4261 934 4339 pain,
948 4277 1040 4337 quem
1054 4260 1224 4337 berengarii
1239 4261 1422 4322 Turonensis
1439 4268 1570 4327 essesuss

64 4354 283 4429 Borangarium
300 4349 381 4412 hunc
398 4364 458 4409 non
476 4348 642 4410 Stedellum
669 4348 791 4425 quidem
847 4371 901 4433 pm
914 4351 1154 4414 demonstratum
1172 4354 1236 4414 luit.
1255 4353 1349 4414 Sicuti
1364 4356 1509 4415 Bernonis
1521 4363 1570 4417 ost

66 4444 213 4524 appellari
230 4442 443 4518 animadverti,
459 4441 513 4502 sed
531 4441 657 4503 Fredoli.
675 4440 708 4501 ld
720 4457 793 4511 veto
847 4462 907 4508 non
923 4447 1097 4524 Berengosi,
1109 4444 1187 4525 quod
1203 4446 1231 4506 ei
1247 4445 1422 4507 adscribunt
1434 4448 1571 4512 nonnulli

66 4536 231 4598 confirmat
247 4541 338 4600 etiam
359 4537 455 4598 codex
480 4535 602 4614 quidam
619 4550 707 4595 meus
731 4535 792 4597 MS.
848 4539 885 4599 de
898 4538 1022 4617 jejuniis
1035 4546 1164 4616 quatuor
1177 4545 1357 4616 tempomm.
1488 4562 1492 4567 ·
1558 4573 1561 4579 -

65 4629 208 4708 opusculi
218 4631 256 4691 de
266 4631 411 4691 electione
428 4647 446 4690 a
461 4630 610 4691 Guilelmo
621 4627 659 4687 de
675 4625 791 4688 444444-
887 4630 1121 4706 BEllGANTlO,
1138 4629 1249 4709 dequo
1266 4633 1448 4694 Pancirollus
1462 4652 1490 4714 p.
1511 4634 1570 4697 idi

68 4729 142 4802 gato
158 4724 324 4803 compositi.
342 4726 409 4783 Fuit
419 4730 521 4784 autem
535 4721 729 4801 Mandagotus
740 4724 794 4781 Be
848 4724 885 4784 do
901 4725 990 4784 claris
1007 4726 1119 4802 Legum
1141 4723 1373 4803 interpretibus,
1389 4728 1464 4788 inira
1482 4728 1570 4792 444414-

66 4818 209 4897 rengario
226 4818 295 4880 huie
311 4818 454 4879 amicitiis
478 4809 669 4890 coniunctae,
686 4821 794 4881 etune
849 4816 1000 4878 GUNDIO.

67 4927 141 4972 cum
158 4910 364 4972 444-4444444444
377 4912 468 4988 jussu
484 4909 629 4971 laboravit
659 4910 689 4968 in
701 4975 703 4979 ,
713 4907 794 4988 dige-
889 4909 1093 4994 BEllGOlhlS
1109 4912 1235 4991 scriptor
1249 4908 1405 4993 Chroniei,
1421 4914 1496 4991 inira
1512 4914 1569 4981 44-

72 5002 170 5069 rondo
186 5005 272 5071 Libro
289 5006 328 5070 Vl
343 5004 552 5070 decretalium.
568 5002 614 5066 Ad
632 5003 714 5068 illum
727 5019 797 5081 ergo
851 5003 975 5069 COBUS
989 5003 1153 5084 Philippus.
