3458 5332
202 335 263 397 tat
821 331 1085 395 ununstls

199 430 490 505 missiamanum.
508 439 539 499 ll.
559 435 684 498 Kalend.
702 439 803 517 lesaii,
820 447 850 501 et
863 457 914 500 ae·
970 442 1114 504 Tractatu
1131 449 1316 506 tractatuum
1334 453 1409 508 tom.
1431 446 1552 523 XVIII,
1578 467 1606 529 p.
1623 453 1681 513 506.

198 544 283 619 cepta
304 533 457 597 Kalendas
475 530 628 594 Octobris:
651 533 743 595 misso
765 533 801 595 de
821 538 915 596 aomo
969 535 1116 613 Ejusdem
1134 538 1255 598 Damasi
1273 541 1421 618 scriptum
1450 558 1506 619 pro
1534 543 1681 622 Religionis

197 628 442 708 Hierosolymam.
968 629 1139 692 Catholicae
1157 649 1229 712 pace
1246 640 1278 693 et
1294 633 1454 695 concordia
1472 636 1511 695 ad
1526 636 1680 701 Germanos

236 729 323 786 Porro
334 719 515 802 pontificalis
532 721 627 798 illius,
642 723 708 781 sive
722 722 788 783 libri
801 724 913 784 veteris
966 722 1024 785 hu.
1040 725 1118 785 0558
1130 724 1246 786 000600
1258 734 1406 787 memorat
1417 729 1514 789 David
1530 730 1679 793 Czwittiu·

196 817 232 880 de
241 817 310 880 uatis
328 815 502 897 Pontificum
518 818 730 891 Rornanorum,
745 817 844 895 qualis
859 816 910 876 ho-
966 833 1058 896 genus
1084 819 1113 877 iu
1145 821 1310 898 specimine
1334 821 1505 900 Ilungariae
1545 823 1679 888 litteratae

195 913 242 973 die
259 905 381 988 exstat,
399 917 553 972 auctorem
572 926 630 970 non
649 927 717 970 esse
733 911 911 983 Damasum,
965 926 1033 989 pag.
1052 913 1119 972 ll3.

195 1005 304 1067 eruditi
331 1004 511 1084 jampridem
544 1005 606 1065 lere
636 1005 850 1064 consentiunt:
879 1011 911 1063 et
1004 1002 1201 1066 thlthUS
1212 1005 1356 1080 Crassus,
1371 1009 1546 1087 Ripolensis
1563 1012 1677 1073 lnsnbor

193 1094 352 1179 praecipue
373 1100 560 1177 argumentis
579 1100 670 1159 etiam
690 1098 910 1159 demonstravit
964 1096 1035 1158 Ord.
1063 1098 1328 1175 Praedimtorum,
1359 1101 1462 1162 docuit
1497 1103 1675 1184 Theologinm

194 1193 335 1259 laudatus
357 1191 623 1265 Schelstratenus,
651 1192 700 1252 cui
726 1191 909 1270 praeclaram
963 1191 1135 1268 praelectus
1151 1192 1284 1270 Collegio
1295 1194 1324 1254 S.
1337 1194 1471 1256 Thomas
1483 1199 1516 1256 in
1528 1197 1676 1260 Academia

193 1287 274 1348 illius
289 1286 420 1364 Catalogi
432 1283 594 1346 editionem
603 1283 759 1359 debemus,
769 1284 910 1344 desinen-
964 1284 1114 1345 'Dcinensi
1130 1330 1137 1360 ,
1154 1285 1287 1364 obiitque
1305 1287 1361 1348 bn.
1381 1290 1472 1351 0505.
1489 1292 1614 1352 Praeter
1637 1310 1676 1353 oo

192 1387 257 1440 tem
285 1380 315 1438 in
330 1378 426 1439 Felice
442 1379 480 1438 IV
495 1380 546 1455 qui
565 1379 642 1456 Papa
660 1377 716 1437 luit
729 1377 766 1438 ab
779 1375 835 1437 hn.
851 1378 909 1439 526
964 1375 1064 1439 lumen
1095 1379 1387 1441 Commentariorum
1407 1380 1441 1440 in
1461 1380 1578 1445 librum
1602 1383 1674 1459 tott,

193 1473 230 1533 ad
254 1472 322 1534 530.
342 1472 439 1544 Quem
467 1475 548 1533 enim
576 1489 615 1533 ex
640 1472 723 1532 MSS.
751 1471 909 1533 codicibus
963 1472 1020 1531 hn.
1039 1475 1116 1534 0500
1134 1473 1248 1535 editum
1268 1483 1455 1556 memoratur
1475 1476 1546 1555 ejus
1570 1478 1673 1540 libellus

191 1567 362 1642 Vaticanis,
379 1565 636 1641 cassinensibus,
652 1566 750 1644 Regiis
766 1567 910 1625 Parisien·
963 1565 1169 1643 quaestionum
1189 1566 1225 1627 de
1249 1569 1281 1628 8.
1303 1569 1418 1629 leonae
1443 1569 1672 1650 Evaaqelistoet

192 1660 299 1735 sibus,
336 1661 467 1738 Reginae
498 1658 687 1732 christinae,
715 1658 907 1734 Colbertiuo,
962 1656 999 1717 de
1015 1658 1080 1738 ejus
1106 1659 1250 1743 affinitate
1275 1667 1305 1722 et
1330 1664 1593 1743 consanquinitate
1616 1682 1670 1726 cun

189 1754 361 1815 Florentino
375 1760 406 1814 et
423 1755 603 1814 Farnesiauo
620 1754 717 1813 Lucas
733 1752 907 1812 llalstenius
963 1750 1092 1813 Cllristo
1105 1754 1238 1831 Domino,
1250 1762 1355 1817 contra
1371 1757 1548 1820 Samuelem
1565 1759 1672 1822 00000

189 1846 423 1923 emendaverat,
451 1864 522 1908 eum
550 1844 797 1906 schelstrateuus
827 1845 906 1905 notIs
961 1847 1049 1920 stnis,
1065 1846 1169 1907 Ordin.
1184 1849 1286 1910 blincr.
1304 1848 1406 1911 aditus
1425 1851 1484 1911 Au.
1504 1854 1594 1915 0500.
1610 1853 1669 1915 tite

59 1937 64 1944 ’
188 1943 279 2001 etiam
297 1935 407 2003 additis
429 1940 551 2002 exhibet
567 1941 598 1999 iu
615 1947 696 2000 tomo
712 1939 808 2017 primo
821 1937 907 2000 Anti·
959 1936 1147 2001 Altamuram
1158 1959 1187 2020 p.
1200 1941 1421 2004 2370000000
1431 1944 1669 2007 Echartumtoru

188 2036 313 2114 quitatis
324 2032 903 2114 illustrataepag.lbl·I96.liam.l692,
958 2032 998 2108 2,
1015 2049 1081 2112 pag.
1100 2034 1133 2095 30
1164 2041 1195 2094 et
1212 2036 1292 2114 Nigri
1314 2035 1473 2098 historiam
1501 2041 1667 2118 scriptorum
1719 2088 1721 2092 .

187 2130 236 2190 iel.
254 2131 297 2191 De
313 2130 380 2190 aliis
401 2128 582 2191 000-0000000
604 2128 820 2188 recentioribus
839 2126 902 2186 dixi
958 2125 1198 2187 Florentinurum
1219 2145 1284 2207 pag.
1310 2129 1378 2190 000.
1408 2130 1452 2190 De
1480 2134 1602 2210 scriptis
1624 2131 1668 2192 80

187 2226 217 2285 00
234 2224 393 2284 Volumina
410 2224 582 2301 superiore,
605 2221 656 2281 ubi
678 2220 715 2281 00
739 2219 904 2282 ΑΝΑΒΤΑ-
957 2220 1067 2280 muelis
1077 2219 1116 2281 00
1132 2222 1267 2283 cassinis
1279 2224 1379 2301 (quem
1394 2225 1546 2287 loannem
1556 2224 1595 2287 00
1606 2227 1667 2288 Cns-

187 2318 249 2380 SIO
277 2339 306 2397 p.
323 2319 370 2380 82.
397 2319 440 2378 De
461 2319 539 2376 notis
557 2314 677 2376 ineditis
703 2317 782 2375 Petri
805 2316 902 2375 Dobrii
956 2314 1090 2374 sivisalii
1104 2332 1260 2394 perperam
1276 2319 1556 2392 vocantlliamiano
1570 2320 1666 2381 Gmsso

184 2413 214 2471 in
230 2412 420 2485 Pontiiicale,
440 2410 589 2469 videndus
601 2409 830 2471 Colomesius·in
849 2410 903 2468 Pa·
956 2406 994 2467 de
1010 2409 1130 2488 Ripolis,
1147 2412 1291 2491 oppositis
1309 2413 1423 2471 mentio
1438 2411 1522 2491 apud
1536 2411 1666 2474 Waddin

183 2505 376 2583 ralipomenis
392 2504 429 2564 00
447 2503 643 2581 scriptoribus
657 2502 900 2578 aeclesiasticis,
957 2519 1049 2580 gum,
1067 2520 1131 2581 pag.
1148 2505 1226 2579 303,
1245 2521 1308 2583 seq.

185 2615 251 2678 pag.
274 2598 343 2659 706·
997 2594 1212 2669 thlthUS,
1229 2597 1396 2678 Episcopus
1420 2600 1608 2677 Ticinensis,
1622 2601 1665 2678 qui

223 2691 401 2754 DAMASUS
417 2693 593 2754 Portuensis
608 2691 785 2769 Episcopus,
796 2696 900 2769 postea
956 2688 1055 2750 adhuc
1072 2690 1231 2769 presbyter
1252 2691 1310 2752 sub
1326 2694 1448 2754 nomine
1465 2692 1665 2765 unusuart,

182 2786 261 2846 inter
276 2787 372 2864 Papae
389 2792 480 2846 notus
507 2784 565 2845 sub
589 2784 749 2843 EODDOSI
777 2784 897 2843 nomine
951 2781 1105 2843 Ecclesiae
1121 2783 1352 2845 Mediolanensis
1369 2784 1616 2868 Archiepisoopi,
1640 2792 1664 2849 et

180 2877 218 2939 ab
233 2878 290 2940 hu.
308 2880 376 2942 890.
394 2878 573 2941 0000300
596 2878 664 2937 896.
683 2875 838 2937 Decembr.
856 2876 894 2937 23
951 2876 1074 2936 Patrem
1089 2876 1511 2954 synodtntediolnnenstshn.
1524 2881 1583 2942 670
1597 2883 1660 2942 scri·

177 2980 297 3052 praeter
312 2992 378 3038 rem
393 2973 527 3035 creditus
541 2975 558 3033 0
576 2971 844 3032 nonnullisauctor
861 2970 895 3031 ii·
950 2971 1010 3047 psit
1027 2969 1191 3051 Epistolam
1204 2978 1296 3050 atque
1320 2971 1552 3053 depositionem
1568 2980 1658 3036 ram

178 3065 222 3128 bri
240 3068 431 3144 Pontificalis,
441 3085 533 3147 quem
544 3067 594 3128 vel
607 3065 698 3145 hujus
711 3066 758 3125 vel
774 3065 893 3126 Damasi
949 3061 1036 3123 Fidei
1046 3072 1149 3125 contra
1165 3065 1396 3137 Monotheletas,
1413 3083 1508 3144 quam
1527 3071 1556 3128 in
1579 3075 1656 3129 sexta

178 3165 306 3224 sanioris
323 3180 393 3225 esse
409 3167 587 3241 argumento
605 3166 688 3220 certo
715 3160 798 3220 nullo
823 3175 894 3218 con·
948 3158 1070 3235 Synodo
1086 3159 1415 3237 Constautmopolitana
1426 3160 1494 3238 (hu.
1514 3163 1592 3238 680.)
1606 3179 1657 3222 uon

176 3263 245 3318 stat.
264 3256 338 3319 Vide
352 3257 506 3320 0000000
519 3263 591 3315 tom.
604 3257 633 3329 2,
644 3270 710 3333 pag.
723 3251 791 3329 357,
806 3269 891 3331 seqq.
946 3251 1095 3312 mediocre
1112 3248 1288 3332 suffragium
1305 3253 1414 3314 tulisse
1431 3255 1540 3315 scribit
1558 3256 1658 3319 Paulus

175 3352 226 3412 ubi
243 3355 334 3412 etiam
350 3351 388 3413 de
405 3345 893 3412 00000000000000000100000600-
945 3345 1095 3406 Diaconus
1111 3347 1169 3420 Vl,
1188 3347 1215 3405 0.
1233 3344 1271 3407 00
1287 3349 1382 3425 gestis
1398 3349 1655 3427 Langobardorum

176 3445 265 3506 nibus
279 3493 287 3522 ,
303 3451 372 3523 post
389 3448 517 3523 primam
534 3443 680 3504 Venetam
698 3439 755 3498 sub
772 3440 892 3499 Damasi
946 3444 978 3499 ct
992 3440 1175 3501 Ilumbertus
1192 3439 1342 3502 adversus
1367 3442 1506 3503 Nicetam
1536 3445 1660 3505 Pectore

176 3537 330 3615 vulgatam
357 3539 478 3597 nomine
496 3536 552 3596 hu.
581 3533 821 3596 l547.·Caetera
848 3548 895 3591 re·
948 3537 1024 3608 tum,
1041 3532 1078 3592 00
1095 3533 1208 3594 000000
1219 3536 1292 3594 tomi
1308 3536 1360 3595 III.
1372 3533 1539 3598 Annalium
1551 3536 1656 3598 Damnii

176 3632 256 3690 otius
273 3631 348 3689 inira
363 3631 392 3688 00
410 3628 593 3689 00000080.
947 3642 976 3704 p.
991 3625 1059 3685 798.
1077 3628 1120 3686 De
1136 3627 1193 3687 hoc
1210 3629 1354 3688 Damione
1373 3628 1522 3706 Ughellus
1547 3639 1617 3692 tom.
1637 3634 1658 3692 0.

214 3722 395 3784 thIhSUS
423 3722 606 3795 Scombrus,
633 3724 740 3783 Orator
766 3721 892 3799 insignis
946 3721 1049 3781 ltaliae
1075 3737 1178 3783 sacrae
1205 3738 1271 3801 pag.
1291 3724 1379 3784 0082.
1402 3723 1542 3801 Epistola
1560 3727 1661 3788 illast

173 3819 284 3879 citatur
294 3816 331 3878 ab
343 3814 890 3895 0000801νί000000000000000000.
947 3832 1006 3892 que
1030 3816 1176 3892 expositio
1202 3815 1285 3876 Fidei
1303 3833 1394 3896 saepe
1418 3817 1499 3880 edita
1518 3822 1621 3881 Latine
1635 3823 1659 3879 in

173 3911 399 3973 Centuriatores
415 3911 688 3989 magdeburgenses
705 3909 754 3970 ubi
770 3908 891 3969 Damasi
946 3910 1037 3967 tomis
1054 3907 1256 3969 Conciliomm
1272 3917 1344 3970 ante
1361 3910 1523 3973 Actionem
1542 3917 1659 3992 primatu

173 4010 280 4089 primi,
298 4009 349 4086 qui
366 4007 539 4085 Hieronymi
560 4005 695 4085 aequalis
723 4004 797 4078 tuit,
816 4002 904 4062 scri·
946 4001 1071 4061 Consilii
1089 4003 1189 4077 serti,
1208 4009 1243 4062 ut
1260 4004 1290 4061 in
1308 4002 1514 4067 llarduiniana
1536 4013 1608 4067 tom.
1625 4008 1659 4080 3,

172 4112 224 4183 pta
240 4090 479 4164 commemorant
495 4100 542 4161 IV.
561 4100 609 4176 00,
626 4117 654 4179 p.
672 4096 742 4157 708.
756 4095 889 4174 scripto
946 4111 1014 4175 pag.
1036 4095 1109 4157 0050
1127 4139 1134 4170 ,
1154 4097 1244 4157 0053.

172 4215 247 4273 res,
266 4198 427 4274 inquiunt,
444 4197 578 4255 recentes
589 4192 740 4254 Gesnerus
758 4195 788 4251 et
800 4191 892 4271 Lyco·
988 4189 1184 4251 DhblthUS
1200 4206 1220 4249 a
1238 4189 1386 4265 Einario,
1403 4191 1476 4252 000.
1495 4194 1600 4256 Praed.
1619 4192 1663 4254 00

171 4292 307 4365 stharres,
323 4289 450 4351 Datami
463 4287 656 4350 Brocardium
679 4287 742 4348 sive
767 4288 891 4346 Bmear-
946 4284 1068 4345 iunctus
1084 4285 1166 4362 Regii
1182 4283 1303 4362 Lepidi,
1318 4281 1375 4345 00.
1394 4287 1474 4347 0050
1490 4286 1581 4366 cujus
1597 4287 1661 4348 Pius

172 4387 278 4448 dorum
300 4386 410 4446 librum
427 4384 465 4444 00
481 4381 753 4453 contrarietatibus,
771 4377 890 4438 inelen-
945 4376 1148 4437 meditationes
1171 4381 1201 4437 et
1214 4395 1366 4439 semones
1399 4377 1436 4438 de
1473 4385 1606 4462 tempore
1629 4397 1660 4440 oc

172 4481 236 4542 cbis
253 4479 318 4541 suis
334 4482 539 4552 annotarunt,
556 4474 611 4556 qui
632 4471 802 4554 cujusmodi
826 4471 886 4547 sit,
944 4470 980 4532 de
1008 4470 1129 4531 Sanctis
1163 4479 1311 4532 memorat
1343 4472 1473 4534 Itovctta
1501 4482 1534 4535 et
1565 4493 1603 4537 ex
1630 4491 1660 4534 oo

171 4573 355 4652 iqnorumus.
381 4574 493 4634 Verum
515 4573 602 4648 longe
622 4569 763 4648 diversus
791 4583 826 4626 00
840 4565 889 4643 ju·
943 4565 1118 4640 Echemus,
1136 4571 1207 4624 tom.
1224 4567 1252 4625 0.
1269 4582 1336 4644 pag.
1353 4566 1423 4625 808.

173 4684 238 4728 uror
263 4666 310 4724 hic
342 4667 397 4727 luit
421 4667 454 4727 l).
487 4662 659 4727 Wilbelmus
684 4659 885 4736 Damasus,
981 4657 1225 4720 DhblthUSde
1244 4658 1352 4734 Padua,
1369 4660 1422 4738 qui
1439 4665 1472 4719 et
1489 4661 1657 4723 Carrarien-

171 4761 275 4836 letne,
289 4763 408 4820 natione
420 4762 588 4837 ilungaruS,
600 4758 651 4834 qui
663 4754 774 4815 Azouis
785 4772 888 4814 exem
942 4755 1004 4827 000,
1021 4769 1060 4812 ex
1076 4751 1166 4811 nobili
1183 4753 1335 4814 Comitum
1351 4753 1463 4814 tamilla
1480 4754 1552 4815 000.
1571 4758 1657 4819 Mine

173 4847 888 4929 010000000000000000000000000000000οο
943 4865 1020 4920 rum,
1041 4844 1120 4905 diem
1137 4844 1209 4905 obiit
1225 4846 1391 4908 Cremonae
1404 4847 1463 4908 hu.
1481 4849 1572 4911 0000.
1589 4848 1657 4926 Ejus

173 4953 259 5005 sesto
277 4948 416 5023 scripsit,
435 4963 541 5007 recusa
557 4945 647 5005 etiam
668 4958 738 5003 eum
762 4942 889 5002 Azania·
944 4943 1108 5000 aucturum
1121 4943 1225 5000 contra
1235 4938 1396 5002 mulierum
1405 4939 1494 5022 sumas
1506 4942 1658 5006 0000000-

171 5040 228 5117 nis,
243 5037 334 5099 Basil.
354 5039 441 5116 0507,
459 5041 486 5099 8.
504 5047 535 5101 rt
550 5041 580 5097 in
592 5037 712 5099 Oceano
725 5039 807 5099 lurts
821 5038 888 5097 sive
945 5038 988 5096 ter
1004 5033 1105 5095 laudat
1123 5033 1311 5117 Waddingus
1328 5054 1395 5118 pag.
1417 5038 1468 5099 09.

1674 5202 1689 5235 h
