3464 5318
208 290 276 377 454
764 288 1134 354 ‘cinnameus

145 374 150 385 ⁸
218 394 363 459 Libellum
378 397 414 459 de
431 395 597 460 visitatione
620 395 827 476 4444444444.
842 412 933 473 quern
989 397 1111 461 Genuae
1127 399 1247 461 Praetor
1263 414 1317 478 per
1326 378 1488 477 4444444444,
1501 399 1616 465 4444444
1627 404 1702 472 clor-

217 493 339 553 clevans
352 492 411 574 ltlS.
428 497 587 567 memorat,
605 488 742 550 Oudinue
766 489 936 566 suspicatur
988 505 1094 553 44444444
1114 489 1145 551 444
1163 491 1220 553 luo
1246 488 1354 567 044444,
1377 493 1568 572 Digestorum
1598 516 1699 580 nempe

113 573 115 577 ’
213 601 283 646 esse
298 602 393 647 naum
410 602 448 646 ex
469 584 587 646 duobus
603 584 673 656 illis,
690 583 740 661 qui
758 582 836 642 inter
863 598 935 660 sup-
988 582 1077 644 libros
1098 589 1130 644 et
1153 583 1280 655 codicis,
1294 602 1371 663 quas
1397 585 1498 648 44444444
1525 590 1702 657 trithenius

214 681 310 760 posita
324 681 354 741 S.
371 676 539 757 Augustino
553 678 693 756 leguntur
719 683 790 737 tom.
807 676 845 741 Vl
872 674 935 737 cdi·
986 694 1051 757 cap
1070 677 1127 739 454
1137 676 1189 755 qui
1205 679 1325 747 niteam
1342 679 1570 744 floruisseeirca
1583 683 1699 750 Annon

215 773 303 832 tinnis
319 769 483 831 Amstelod.
503 787 568 849 pag.
589 770 648 831 734
673 786 737 848 seq.
767 765 933 831 7444444444
988 771 1064 832 4446
1079 777 1110 830 44
1123 770 1219 832 cnido
1234 772 1417 834 Pancirollus
1433 773 1482 834 lib.
1497 775 1526 839 Il
1538 792 1606 857 cap.
1623 777 1669 841 47.

213 869 243 924 et
256 861 407 925 llirnculu
423 861 530 943 cepitis
546 865 577 925 S.
597 860 744 925 4444444444
766 857 931 940 Mercuri,
1025 863 1237 928 autumnus
1251 867 1347 945 patria
1354 866 1519 946 Devenius,
1535 886 1577 931 ex
1593 869 1700 943 Abieta

214 960 245 1017 in
262 959 345 1018 lictis
367 957 543 1018 Sanctorum
567 957 603 1018 44
623 955 774 1017 Februarii
803 960 884 1013 torno
904 953 930 1017 ll
985 955 1023 1018 de
1039 957 1145 1034 Fortia,
1161 956 1281 1023 Ordinis
1297 960 1520 1041 Cistercieusis,
1537 963 1700 1046 Episcopus

212 1069 278 1130 pag.
289 1052 358 1113 768.
372 1047 601 1113 4448444644ιὲ
611 1046 648 1110 de
657 1044 840 1113 4464444444
851 1044 930 1126 apud
983 1049 1042 1113 An.
1056 1053 1128 1113 4484
1150 1053 1383 1132 wigorniensis,
1398 1061 1490 1134 atquc
1503 1055 1577 1117 inde
1587 1057 1701 1122 Archio-

215 1146 336 1206 Surium
353 1151 385 1205 et
402 1145 431 1204 in
449 1142 534 1204 lictis
554 1143 731 1204 Sanctorum
747 1140 786 1204 46
803 1138 932 1203 Februa·
984 1144 1125 1223 piscopos
1140 1145 1177 1207 ab
1191 1145 1280 1208 anno
1295 1147 1371 1211 4484
1388 1165 1423 1210 ae
1437 1150 1557 1211 trac*
1574 1151 1698 1215 carue

213 1239 249 1298 rii
263 1244 334 1297 torn
352 1238 392 1298 444
403 1254 468 1316 pag.
484 1238 551 1297 663.
570 1234 636 1296 vito
648 1231 795 1313 llrtgonis,
808 1231 931 1295 Arnhie-
984 1234 1106 1314 4444444,
1122 1236 1161 1300 de
1187 1256 1247 1316 uuo
1262 1239 1344 1301 adire
1367 1239 1486 1318 juvabit
1507 1241 1663 1309 oudinum
1679 1252 1699 1307 t

215 1331 326 1408 piscopi
336 1329 597 1408 llotlaonragensis,
613 1335 644 1389 et
660 1326 773 1391 lielotio
784 1324 819 1389 444
829 1326 919 1386 Mona
984 1332 1010 1392 44
1027 1347 1093 1411 pag.
1108 1332 1186 1394 4644
1199 1348 1282 1411 seqq.
1295 1334 1379 1406 Quod
1391 1335 1535 1399 Giraldus
1542 1338 1699 1405 cambren-

213 1422 303 1483 storio
319 1421 534 1491 recompenso·
551 1424 580 1482 in
597 1420 698 1488 Artori
723 1419 763 1481 du
789 1421 931 1482 Monstier
984 1426 1028 1485 sis
1044 1424 1125 1489 huno
1139 1423 1318 1489 Balduinum
1331 1429 1451 1506 scripsit
1459 1428 1643 1495 4444444444
1654 1428 1698 1514 sa

211 1516 350 1578 licostria
367 1517 427 1604 pia,
440 1516 612 1594 liothomag.
630 1515 706 1576 4663
722 1513 770 1577 444.
785 1528 852 1597 png.
869 1511 929 1575 484
984 1514 1304 1598 commaerentem
1315 1516 1476 1601 4444444444,
1487 1521 1697 1606 erapneopm

213 1617 246 1671 ct
265 1610 332 1678 447.
386 1628 389 1635 ·
982 1629 1073 1692 guam
1084 1609 1359 1693 Arelliepireopurs,
1375 1616 1514 1695 congruit
1530 1604 1644 1679 Urbani
1661 1618 1696 1685 444

255 1702 491 1769 anteatinus
506 1701 681 1782 cognomine
702 1696 842 1776 44444444,
857 1697 929 1778 Epi·
982 1707 1161 1782 sententiae«,
1176 1706 1407 1786 comprecatam
1420 1709 1447 1769 ei
1459 1710 1616 1788 inscripsit
1624 1710 1695 1773 huuc

213 1812 322 1879 scopus
335 1795 539 1865 Noviomeruis
553 1803 585 1857 et
603 1790 796 1859 Torrtueenaia
809 1792 846 1855 ab
866 1791 927 1853 Aa·
981 1801 1011 1861 in
1028 1798 1161 1864 modum:
1178 1796 1316 1863 creares
1330 1815 1437 1864 444444
1450 1816 1615 1867 4444444444
1631 1803 1696 1867 44444

211 1907 252 1951 no
268 1890 345 1952 4697
370 1898 401 1953 44
423 1892 509 1953 4444.
526 1890 659 1968 scriptor
680 1887 840 1960 Historiae,
861 1886 926 1949 sive
979 1891 1120 1957 4444444444
1136 1890 1695 1980 smmurlme,eldlerimlld0,12'pc

212 1982 356 2047 (14444444
379 1981 604 2047 Cameracensis
627 1985 656 2043 44
681 1977 926 2047 lacaenae
979 1983 1413 2067 acopomidoplrcltiepircopo
1425 1988 1692 2053 44444444444444444

211 2079 359 2141 clodoveo
375 2094 472 2158 usque
485 2077 522 2139 ad
539 2076 660 2139 Annum
676 2076 752 2151 4036
773 2073 856 2137 libris
875 2073 927 2139 444.
980 2079 1068 2141 Plura
1084 2081 1203 2159 scripsit
1217 2078 1375 2159 Opusoula
1389 2080 1693 2164 Theologica,exqui-

211 2169 288 2252 quos
320 2173 466 2252 Georgius
498 2171 692 2237 colvenerius
715 2166 809 2229 edidit
835 2166 927 2231 nosci
980 2171 1039 2234 bos
1064 2172 1136 2237 illud
1165 2169 1203 2233 de
1224 2174 1417 2235 8444444444
1442 2172 1568 2255 acoris,
1593 2184 1626 2240 et
1641 2177 1690 2241 4444

209 2269 302 2344 4645,
316 2269 337 2327 8
362 2283 432 2328 curn
457 2266 548 2326 notis.
570 2262 708 2326 chronici
728 2260 807 2321 illius
827 2258 928 2323 Codex
981 2264 1153 2343 quindecim
1168 2265 1261 2329 edidit
1276 2266 1463 2331 Bertrandue
1477 2269 1607 2347 lissier,
1620 2272 1691 2344 Prior

213 2361 339 2421 tortasse
358 2359 536 2438 originarius
552 2357 581 2417 in
598 2354 778 2417 Bibliotheca
804 2350 929 2420 Atreba-
981 2359 1159 2433 Bonilontis,
1170 2361 1513 2439 tomoquintoliiblioth.
1524 2363 1693 2427 cistercien

211 2453 300 2512 tensi.
320 2451 393 2514 Vide
410 2454 466 2521 iter
482 2451 670 2513 litterarium
692 2447 818 2510 duorum
834 2449 928 2507 84444-
981 2453 1025 2512 sis
1041 2453 1132 2513 Paris.
1161 2453 1247 2515 4684.
1277 2452 1472 2517 caeterorum
1492 2454 1645 2521 editorum
1667 2462 1692 2521 et

209 2545 388 2606 dictinorurn
404 2545 518 2605 Gallice
532 2543 648 2605 aditum
660 2548 731 2605 tom.
750 2542 776 2602 ll
796 2558 862 2619 pag.
878 2537 926 2602 74.
982 2543 1161 2607 ineditorum
1175 2545 1293 2621 titulos,
1308 2545 1376 2607 vide
1391 2548 1416 2607 si
1432 2547 1532 2626 planet
1548 2549 1628 2630 apud
1639 2550 1690 2615 444

212 2639 287 2699 lluic
303 2638 449 2705 chronico
461 2634 615 2719 jungenda
633 2635 700 2698 Vita
713 2631 862 2709 44444444,
872 2635 929 2694 ca-
980 2634 1085 2699 datum
1101 2635 1268 2716 04444444,
1284 2640 1480 2719 caveamque
1496 2649 1529 2705 et
1555 2645 1586 2709 in
1608 2643 1688 2709 calcii

208 2733 390 2795 menacensis
403 2732 555 2811 Episcopi,
570 2731 620 2792 oni
643 2746 661 2790 a
680 2729 805 2793 secretis
820 2726 925 2789 Baldo-
978 2729 1016 2791 de
1031 2731 1123 2795 tlisclr
1138 2731 1520 2798 Bibliothecacistereiensi
1535 2753 1566 2816 p
1583 2736 1623 2799 46
1636 2752 1687 2817 seo.

209 2827 289 2886 ricus
305 2825 374 2902 luit,
390 2824 470 2888 edita
486 2842 504 2886 a
518 2824 662 2891 Dacherio
678 2829 751 2886 tam.
764 2821 807 2885 IX
835 2820 923 2904 spici·
974 2823 1096 2884 lieleum
1110 2825 1150 2887 444
1164 2824 1203 2887 47
1219 2827 1350 2889 Pitseum
1365 2843 1430 2905 prag.
1448 2824 1507 2891 449
1526 2845 1593 2910 seq.
1608 2836 1661 2893 etc

209 2918 276 2998 legii
291 2934 358 2997 pag.
373 2917 432 2979 675
448 2925 481 2979 et
495 2924 567 2989 tom.
584 2918 609 2979 ll
623 2915 761 2982 editionis
781 2930 876 2977 nevae
891 2930 920 2992 p.
1013 2916 1100 2979 Alius
1115 2916 1416 2996 nitunttttJSetve
1426 2919 1612 2987 Beadwinus
1626 2924 1687 2987 444

209 3013 274 3074 438.
288 3010 634 3086 circaieooiloriaenoe,
645 3013 709 3073 sive
720 3009 921 3075 ecolesinam
974 3011 1076 3089 quior,
1089 3012 1258 3092 liplswpns
1272 3011 1471 3076 Orientalium
1485 3012 1687 3095 Anglornntit

209 3104 408 3169 Tarouannais
437 3113 469 3169 et
494 3102 714 3179 4444644444444,
741 3100 820 3182 quod
840 3098 920 3180 apud
974 3120 1033 3182 quo
1047 3103 1126 3167 Beda
1142 3105 1193 3182 lV,
1215 3105 1243 3169 4.
1259 3112 1291 3167 at
1304 3106 1454 3169 Lalandos
1468 3124 1495 3168 o.
1510 3108 1583 3173 448.

206 3204 448 3265 cenomanenses
480 3199 689 3263 Benedictinos
715 3198 774 3263 448.
807 3193 921 3261 servari
1013 3197 1519 3267 RALDUlNUSFlandriaecomcs
1536 3209 1569 3267 44
1583 3202 1686 3267 canno

206 3299 326 3377 scripsit
342 3297 492 3358 Swertius
506 3300 539 3355 et
552 3294 689 3356 Valerius
704 3291 852 3366 dodican,
869 3304 922 3351 na-
974 3291 1051 3368 niae,
1068 3298 1244 3370 captaquea
1261 3293 1373 3355 44444444
1395 3292 1453 3355 An.
1476 3295 1685 3370 4464444444,

206 3408 255 3453 rno
272 3391 370 3453 adhuc
386 3394 416 3450 in
433 3391 531 3451 lucem
546 3387 679 3467 protulit
694 3384 741 3447 lto
759 3381 832 3445 illud
851 3381 924 3450 ecri-
974 3384 1144 3463 lmperutor
1158 3393 1317 3451 4444444444
1346 3384 1392 3449 47.
1419 3387 1544 3451 Caleud.
1575 3391 1644 3453 lun
1660 3397 1686 3453 ut

207 3481 684 3546 bendumhortatusltaldericum
701 3475 925 3542 iueratcodiri·
975 3482 1106 3541 44444444
1121 3482 1185 3559 ipso
1200 3482 1233 3540 in
1247 3479 1383 3559 Epistola
1398 3479 1687 3548 editaablidmunit
1731 3472 1732 3517 ³

207 3578 265 3639 dus
281 3577 490 3641 ambianensis
506 3577 684 3654 Episcopus,
711 3574 744 3635 in
767 3568 921 3651 Epistola,
975 3573 1107 3634 4444444444
1131 3580 1213 3633 444444
1230 3575 1242 3635 l
1259 3572 1427 3638 anecdotor.
1444 3590 1511 3655 pag.
1531 3575 1603 3641 744
1617 3576 1685 3641 aar

206 3688 298 3749 quam
316 3671 445 3740 atterunt
460 3667 681 3739 Samararthani
704 3673 775 3747 tout
796 3664 836 3727 444
853 3661 922 3731 Gai
975 3662 1042 3748 ejus
1053 3666 1204 3744 Epistolac
1216 3666 1293 3728 duae
1305 3664 1685 3752 deiltaenpeanioneapai

206 3766 263 3826 liae
274 3753 466 3827 ¹christianae
485 3780 551 3843 pag.
569 3764 601 3824 (44
609 3763 636 3823 6.
655 3757 847 3840 (1444444444
864 3755 922 3816 Bo
974 3756 1138 3821 ernoldum
1156 3759 1358 3823 Ltdrecensetu
1374 3760 1413 3821 Vl
1427 3762 1464 3823 49
1482 3763 1571 3825 etit)
1588 3781 1618 3845 p
1636 3764 1683 3827 464

205 3875 325 3934 4444444,
342 3874 421 3938 pone
435 3855 615 3920 4444444444
631 3851 796 3917 teuent
812 3854 883 3915 44444
901 3864 922 3915 tt
974 3853 1079 3914 44444
1094 3852 1164 3914 edit
1181 3854 1405 3932 congestiones
1428 3855 1632 3923 Posteriotetn
1644 3856 1684 3921 de

206 3955 318 4015 844444
332 3951 589 4030 llr‘literertitnto,
613 3951 699 4011 obvia
714 3946 795 4028 apud
809 3943 922 4008 Dache-
974 3947 1018 4007 dit
1033 3948 1125 4008 ctiam
1141 3949 1268 4009 liiraeas
1292 3948 1321 4009 in
1346 3945 1454 4008 Codice
1470 3950 1597 4028 piarum
1608 3951 1686 4013 dono

205 4049 284 4109 rium
300 4054 371 4108 tonn
388 4046 453 4109 Vlll
472 4047 602 4127 spicileg.
619 4060 685 4124 pag.
712 4043 769 4104 466
792 4044 824 4105 et
845 4044 918 4103 tou.
973 4041 1089 4101 tionum
1105 4059 1130 4102 o.
1148 4043 1196 4102 844.
1217 4041 1348 4104 araxen.
1375 4041 1454 4105 4644
1486 4038 1541 4107 tc*
1566 4043 1684 4125 Epistoh

206 4141 247 4202 444
264 4140 402 4203 editionis
418 4158 514 4202 novae
531 4157 596 4220 pag.
616 4141 681 4200 4644
799 4144 801 4150 ’
972 4135 1011 4201 ad
1038 4136 1245 4198 Innocentium
1263 4136 1304 4197 444
1320 4137 1442 4213 Papam,
1464 4136 1545 4214 apud
1562 4144 1683 4201 veterent

244 4235 505 4301 BALDEWlNUS.
522 4236 616 4309 inira,
632 4228 854 4294 BALDUlNllS.
973 4229 1148 4308 scriptorem
1171 4232 1322 4308 gestorum
1339 4228 1420 4290 iliius
1436 4229 1605 4307 Pontinas,
1620 4244 1683 4310 quat

245 4318 458 4396 antoninus
470 4328 507 4390 de
526 4325 668 4400 44444444,
698 4325 775 4384 vixit
795 4320 921 4385 Saeculo
971 4323 1111 4385 Baluzius
1128 4321 1271 4401 Epistolis
1297 4322 1522 4384 innocentioris
1542 4324 1681 4403 praefixit,

206 4424 276 4486 xttt
291 4424 506 4486 circadarum
522 4424 607 4485 44844.
622 4419 711 4500 cujus
727 4415 918 4496 (4444449444
971 4418 1084 4503 capili
1107 4433 1171 4494 pag.
1189 4415 1228 4476 64
1236 4432 1301 4493 seq.
1316 4420 1346 4475 et
1360 4416 1389 4473 in
1401 4415 1480 4479 Petri
1496 4414 1680 4479 d'Outrcmau

208 4511 685 4580 wcironiu'rllooaoniensidvs
693 4510 917 4591 eolloctneapud
971 4509 1055 4575 cl’ali
1070 4509 1200 4588 Belgica,
1217 4508 1338 4570 Tolosae
1357 4506 1448 4583 4643,
1471 4507 1499 4568 4.
1523 4509 1604 4571 cum
1622 4524 1681 4570 vero

208 4610 386 4673 Dacherium
408 4617 481 4671 torn.
497 4610 549 4671 Vll
577 4607 707 4687 spicileg.
724 4623 791 4686 pag,
808 4606 865 4668 6444
886 4612 918 4666 et
969 4596 1680 4684 84444444444444444444444444440414444444844-

207 4709 277 4763 tona.
295 4704 333 4764 444
351 4704 421 4765 edit.
437 4720 532 4765 novae
547 4718 575 4782 p.
598 4701 665 4762 486
970 4697 1112 4760 4444444444(
1131 4694 1354 4769 mmmmm,
1368 4692 1436 4755 belli
1458 4698 1554 4771 mori,
1578 4698 1626 4759 cui
1643 4697 1677 4756 io·
1722 4724 1729 4739 ι

245 4793 373 4858 lacobus
392 4795 655 4873 nataawtn'tls,
682 4795 748 4854 sive
768 4791 920 4855 BALDUI-
971 4791 1074 4855 terluit
1093 4792 1223 4872 primunt
1244 4789 1432 4869 scriptorem,
1451 4788 1628 4871 intelligite·
1649 4787 1676 4849 44

206 4889 664 4969 nnsssonontensts‚dzoniset
679 4889 920 4966 Odolredilionc-
1242 4880 1245 4884 ⁵
1486 4894 1490 4902 '

208 4986 329 5046 V⁰¹¹t³¹¹¹⁰
340 4985 680 5069 indiwfrdeind‘ifflfflfl
690 4983 920 5063 oekbfissrssilaffl
1019 5015 1030 5043 ⁴
1047 5016 1106 5071 ilde
1125 5015 1380 5084 reuerterentur
1389 5021 1495 5074 6444444
1508 5026 1571 5078 (οι,
1583 5024 1628 5087 tp.
1637 5012 1675 5069 ta
