3464 5318
678 350 1072 415 FltO'l'llAlilUS'
1542 360 1604 423 646

112 461 248 540 perieris
265 460 366 523 Seculi
383 450 461 520 arina
490 459 628 540 46944664
642 459 827 541 publicavit,
885 459 955 519 dicti
974 459 1156 520 boianensis
1172 461 1363 524 Molsteniano
1379 473 1464 543 parte
1484 468 1513 529 2.
1535 485 1601 547 pag.

117 555 171 617 sed
182 554 266 636 faede
282 554 448 636 decipitur,
466 554 537 614 dum
552 553 656 616 Codeac
671 554 719 614 446
740 553 831 634 impa-
886 552 953 614 437.
971 559 1002 612 64
1020 552 1086 614 447.
1105 551 1159 614 sed
1176 556 1282 632 prioris
1297 559 1396 635 capita
1413 559 1519 620 ultima
1539 562 1600 623 duo

116 655 237 712 staram
261 648 387 725 44646944,
406 654 434 707 64
447 648 575 726 Salvagii
598 665 690 707 manu
712 647 829 721 omnia,
885 644 921 704 de
937 643 1064 706 Senibus
1081 653 1112 705 et
1128 644 1164 706 de
1181 645 1229 707 die
1249 648 1401 710 11664666
1428 651 1602 715 desideran-

116 759 195 823 quae
210 739 307 801 46466
325 739 456 801 Gallicae
478 738 692 820 displicebant,
714 738 828 813 deleta,
886 742 943 796 464.
961 739 1045 816 Hugo
1060 738 1259 800 4666616646
1277 743 1460 817 praefatione
1475 743 1513 805 ad
1524 746 1601 807 Con-

114 834 232 914 vioeqne
242 832 386 893 decimam
397 831 830 911 Historiacpartemintepram
885 829 1015 889 cordiam
1032 830 1184 891 Benedicti
1202 831 1382 895 boianensis
1398 853 1465 914 pag.
1485 838 1533 899 62.
1550 856 1602 918 po-

115 927 252 987 relictam
279 942 357 1000 csse,
385 925 576 1007 manifestum
597 923 705 985 reddit.
722 925 831 985 Simili·
886 923 1041 982 steriorem
1078 929 1194 1001 partem
1226 924 1264 985 ab
1290 927 1347 986 alio
1377 935 1500 989 auctore
1531 946 1601 992 esse

114 1029 161 1081 ter
173 1022 305 1081 loannes
316 1020 487 1095 Sleidanus,
498 1019 586 1097 cujus
597 1020 726 1097 epitome
739 1017 832 1077 histo-
885 1020 982 1092 potat:
996 1012 1100 1074 Altera
1116 1014 1236 1093 66646,
1255 1016 1369 1096 inquit,
1381 1016 1428 1082 644
1441 1021 1600 1101 cujusdam
1669 1034 1674 1040 '

114 1116 227 1174 riarum
245 1111 397 1173 Frossardi
416 1112 517 1173 Latiae
538 1113 702 1189 composita
719 1111 831 1188 saepis-

113 1209 276 1267 simaeum
294 1205 427 1284 Philippo
445 1206 604 1267 Cominaeo
621 1222 660 1264 ex
678 1201 745 1280 ejus
763 1220 830 1263 ver-

66 1362 69 1373 ,
114 1301 199 1359 sione
231 1299 330 1377 646616
363 1300 517 1372 exercuit,
540 1299 660 1359 Parisiis
691 1295 778 1359 4537.
800 1297 829 1356 8.

116 1391 205 1454 4562.
231 1392 278 1453 42.
306 1390 516 1468 Heidelbergae
534 1389 622 1452 4587.
646 1390 693 1450 461.
715 1391 828 1450 Hanov.

115 1480 204 1547 4646.
224 1486 270 1546 42.
288 1482 503 1545 amstelodami
527 1484 614 1554 46444.
630 1483 717 1543 4656.
738 1483 829 1543 etiam

115 1579 181 1656 ipse
211 1578 347 1655 arguitur
378 1578 479 1636 minus
507 1592 622 1653 aequus
653 1573 778 1654 buglis,
799 1581 831 1635 64

115 1672 213 1731 multa
229 1670 319 1749 digna
342 1676 509 1730 memoratu
540 1669 633 1727 464666
660 1674 831 1745 praetervo-

113 1771 195 1825 ctus.
225 1763 272 1823 Ex
299 1762 437 1823 Steidano
467 1777 611 1839 expressa
639 1757 766 1838 duplica
799 1763 830 1820 P.

112 1855 250 1932 Goldiugi
268 1856 417 1932 epitome.
436 1853 527 1914 Lond.
546 1853 632 1915 4698.
656 1853 684 1913 4.

153 1947 391 2010 411οΤ11411Ιῦ8
412 1965 450 2007 ex
478 1946 592 2007 Abbate
621 1947 651 2007 S.
668 1945 740 2025 Apri
760 1946 831 2025 Epi·

114 2043 279 2121 66666661)
295 2040 382 2101 Anno
399 2042 467 2102 843.
490 2041 640 2101 Tullensis
662 2041 691 2099 46
713 2040 828 2116 Gallia,

113 2135 496 2216 (1646664666664466646
515 2132 583 2194 837.
605 2133 693 2212 cujus
713 2134 830 2214 Episto-

84 2288 91 2301 ,
114 2228 162 2290 las
178 2231 272 2291 XXV.
289 2247 328 2289 ex
342 2232 465 2307 antiquo
475 2229 558 2289 41846
572 2229 748 2289 carnotensi
763 2230 829 2289 vul-

115 2324 200 2400 gavit
224 2321 360 2382 Andreas
376 2321 418 2383 do
435 2323 553 2384 chesne
571 2327 652 2380 tomo
670 2321 688 2382 2
706 2322 830 2398 6644646-

114 2433 184 2477 rum
214 2432 316 2476 rerum
347 2416 556 2476 Francicarum
585 2431 650 2492 pag.
685 2412 828 2475 742-723.

111 2511 241 2587 66446466
252 2507 288 2567 ad
305 2507 520 2584 Imperatorem
539 2504 721 2566 budocicum
735 2505 828 2580 Pium,

112 2599 151 2661 ad
168 2598 322 2660 luditbam
339 2597 405 2675 eius
420 2598 601 2678 conjugem,
616 2599 653 2658 ad
671 2595 829 2677 4694666-

111 2710 183 2753 rum
210 2692 375 2766 Abbatem,
403 2694 584 2770 1146964466,
618 2689 825 2767 Einbardum,

113 2786 289 2865 Gerunpum
319 2802 474 2847 summum
502 2788 578 2845 sacri
609 2786 709 2863 palatii
740 2788 830 2846 ostia-

112 2880 210 2940 rium:
232 2878 269 2938 ad
290 2878 372 2939 Metti
386 2877 650 2956 Archiepiscopum
663 2923 670 2953 ,
681 2879 829 2938 Mittonem

111 2973 313 3052 Episcopum,
345 2969 520 3032 Hilduinum
550 2972 668 3030 Patrem
690 2977 721 3031 64
742 2973 816 3049 Magi

112 3071 232 3140 strum,
253 3065 422 3143 41694666,
446 3061 629 3125 Sicbardum
655 3065 829 3140 Magistrum

114 3155 319 3218 Teublericum
340 3164 371 3217 64
399 3154 610 3234 1169666466
639 3157 827 3216 venerabiles

111 3252 206 3324 viros,
223 3255 255 3310 et
271 3248 311 3312 ad
325 3247 528 3327 AEipbardum
543 3247 709 3309 Abbatem:
725 3246 831 3325 adjun-

109 3345 170 3405 ctis
187 3360 242 3403 sex
257 3344 399 3423 Epistolis
414 3341 451 3402 ad
470 3340 657 3401 Frotharium
676 3342 796 3419 scriptis
813 3359 831 3401 a

115 3435 258 3500 Wicardo
284 3437 350 3496 sive
382 3433 543 3513 Wipbardo
564 3433 700 3507 Abbate,
721 3435 758 3495 ab
778 3433 832 3494 dl·

66 3561 68 3567 .
111 3527 197 3589 drico
227 3530 292 3588 sive
319 3525 472 3600 Albericc,
489 3525 658 3602 Hieremia,
675 3526 758 3587 Metti
776 3527 832 3587 44-

114 3621 321 3701 chiepiscopo,
339 3626 370 3681 64
384 3621 422 3681 ab
439 3622 585 3698 Episcopo
601 3618 785 3698 4469666644.

155 3713 405 3775 FRUCTUOSUS
420 3713 509 3791 Regio
525 3719 610 3772 ortus
627 3713 773 3789 sanguine
784 3713 832 3772 Mi-

115 3823 249 3886 spaous,
271 3825 308 3867 ex
331 3806 488 3867 Dumicnsi
511 3806 656 3883 Episcopo
680 3804 833 3882 446444664-

885 1105 1012 1168 alterius
1030 1108 1263 1183 4444045084,
1279 1111 1380 1190 quiin
1399 1112 1457 1176 bac
1475 1116 1604 1178 Concor-

885 1197 936 1259 dia
963 1207 1038 1279 (pag.
1058 1198 1124 1262 449.
1153 1202 1219 1262 479.
1249 1204 1315 1265 732.
1344 1204 1412 1266 793.
1442 1209 1601 1270 958969.

885 1293 963 1369 964.)
980 1310 1000 1352 6
1015 1293 1168 1371 superiori
1190 1294 1404 1375 distinguitur,
1429 1300 1488 1360 etsi
1510 1299 1603 1360 inter-
1645 1290 1648 1299 '

885 1384 956 1445 dum
973 1384 1006 1445 bi
1019 1385 1077 1445 duo
1094 1388 1318 1465 Fructuosior
1334 1392 1492 1472 scriptoris
1517 1394 1602 1454 incu-

884 1477 934 1536 ria
950 1475 1180 1558 confundantur.
1198 1481 1273 1556 Quis
1289 1487 1389 1542 aulem
1403 1485 1444 1545 sit
1455 1483 1533 1546 alter
1555 1485 1602 1546 bic

885 1571 1081 1648 Fructuosus,
1089 1590 1147 1632 non
1164 1573 1238 1634 mibi
1248 1573 1340 1654 plane
1354 1584 1536 1656 compertum
1547 1585 1601 1640 est.

885 1663 921 1721 ln
937 1662 1081 1725 Cbronico
1102 1669 1133 1727 S.
1155 1667 1300 1743 Mamimi,
1319 1670 1603 1750 Caesaraugustam

884 1756 1039 1836 Episcopi,
1055 1757 1225 1820 addnuum
1242 1762 1312 1823 569.
1328 1763 1363 1841 fit
1377 1764 1484 1824 mentio
1498 1765 1600 1844 cujus·

885 1847 956 1909 dam
982 1853 1214 1929 FRUCTUOSI,
1241 1854 1602 1929 dominantissimam,
1684 1908 1691 1923 .

886 1941 917 2002 in
932 1960 1006 2023 6946
1023 1945 1240 2007 Braccarensi.
1259 1994 1265 2006 .
1283 1991 1290 2006 .
1309 1946 1381 2022 Sed,
1399 1948 1521 2028 nequid
1542 1947 1603 2010 dis·
1708 1989 1710 1992 -

885 2035 1041 2112 simulem,
1058 2037 1111 2099 boc
1139 2038 1325 2116 Cbronicon,
1347 2047 1383 2100 64
1409 2040 1486 2100 inter
1508 2041 1603 2120 46966-

884 2130 955 2192 dum
968 2131 1179 2208 animaduerti,
1198 2131 1291 2194 mulla
1308 2134 1435 2194 continet
1447 2132 1599 2212 absurda,

884 2231 914 2284 et
928 2226 958 2286 S.
976 2224 1112 2288 4466466
1137 2243 1266 2306 prorsus
1291 2226 1422 2306 464966.
1438 2228 1506 2288 dist
1524 2228 1601 2289 enirn

885 2318 986 2380 multis
1004 2316 1161 2380 erroribus
1175 2319 1357 2380 maculatum
1374 2339 1395 2380 a
1411 2319 1601 2399 quodamno-

886 2409 1007 2489 bulone,
1025 2412 1080 2491 qui
1100 2413 1217 2492 passim
1242 2413 1310 2473 buia
1339 2412 1484 2476 Cbronico
1508 2413 1604 2475 multa

885 2504 985 2584 inepta
1012 2505 1123 2586 64496644
1146 2524 1204 2586 pro
1230 2523 1288 2566 sua
1305 2505 1425 2567 lubidine
1523 2509 1604 2569 44666

885 2604 984 2660 46666
997 2597 1122 2678 1469644,
1143 2605 1177 2659 64
1192 2598 1267 2659 milti
1277 2599 1409 2675 64446464,
1423 2601 1524 2681 pocius
1545 2601 1601 2660 tri-

886 2689 1002 2753 buendo
1016 2694 1242 2766 cstFructuoso,
1251 2691 1356 2753 Abbati
1371 2695 1604 2758 Constantiuae:

883 2784 948 2866 sere
973 2786 1111 2866 seqnitur
1140 2784 1284 2864 Regulam
1309 2787 1340 2847 S.
1361 2785 1519 2847 4166664644.
1542 2788 1602 2850 sed

886 2880 999 2939 nullam
1016 2879 1105 2939 fidem
1122 2878 1222 2938 deberi
1241 2877 1508 2956 Pseudo-Maximo,
1523 2888 1605 2943 recte
1712 2939 1714 2943 ,

886 2973 1001 3031 notavit
1010 2979 1077 3050 post
1090 2971 1264 3031 Menardum
1278 2974 1377 3050 ipsum
1389 2974 1528 3036 Nicotaus
1542 2974 1604 3036 446-

886 3065 985 3123 466466
1000 3080 1066 3142 pag.
1082 3064 1151 3123 284.
1168 3070 1199 3122 64
1213 3064 1408 3124 Benedicturn
1437 3064 1614 3137 Aniensem,

885 3172 1017 3230 errasse,
1035 3171 1104 3216 curn
1122 3155 1198 3216 duos
1213 3158 1395 3216 Fructuosos
1413 3157 1519 3232 finxit,
1538 3175 1603 3237 pro

885 3249 988 3309 batum
1006 3265 1023 3308 a
1039 3248 1222 3309 Mabillonio:
1240 3251 1287 3309 664
1311 3245 1518 3312 116666466466
1540 3269 1603 3311 466-

886 3343 942 3417 4446
972 3341 1160 3418 suffragatur.
1189 3343 1318 3421 Regulus
1353 3345 1508 3403 Fructuosi
1542 3350 1605 3405 4466

885 3432 1010 3494 Codices
1039 3435 1137 3493 148466
1165 3434 1267 3494 laudat
1297 3434 1447 3495 Antonius
1468 3438 1607 3514 lepesius

885 3524 965 3602 apud
980 3528 1122 3587 Minaeum
1141 3529 1169 3585 46
1187 3526 1296 3587 Codice
1317 3529 1498 3607 Regularum
1517 3535 1601 3607 parte

871 3619 913 3695 „E
932 3635 997 3697 pag.
1017 3618 1083 3679 434.
1100 3617 1240 3680 Codicem
1257 3624 1492 3697 Treverensem,
1518 3620 1605 3684 Colo-

885 3712 1021 3771 niensem
1036 3718 1066 3771 et
1081 3715 1252 3773 monasterii
1265 3712 1394 3775 Arlanza
1408 3716 1437 3774 46
1452 3716 1607 3794 114666646,

886 3822 923 3865 ex
941 3822 1069 3883 quorum
1099 3822 1157 3866 ono
1186 3807 1312 3868 tortasse
1335 3808 1465 3886 suppleri
1488 3810 1605 3886 possint

115 3917 226 3984 scopos
246 3898 304 3960 46.
332 3900 400 3961 656.
433 3899 646 3972 Bracarensis,
677 3913 833 3959 successor
886 3900 983 3977 capita
1010 3899 1070 3960 duo
1100 3905 1267 3977 postrema,
1288 3917 1367 3977 quae
1386 3902 1529 3979 46644646
1549 3903 1606 3961 Re-

114 3995 253 4067 Potamii,
265 3993 428 4053 detunctus
444 3991 478 4051 A.
493 3991 560 4050 665.
579 3990 831 4067 Augustinianurn
886 3991 955 4071 gula
972 3990 1190 4052 desiderantur.
1208 3993 1337 4052 Priorem
1355 3994 1499 4070 Regulam
1517 3995 1607 4055 Com-

112 4087 183 4164 alii,
200 4087 249 4146 alii
267 4085 496 4145 Benedictinum
515 4085 644 4158 iaciunt,
661 4083 832 4143 6664444416
886 4085 1017 4163 plutensi
1045 4084 1193 4146 duntaxat
1214 4087 1406 4159 Monasterio,
1428 4085 1518 4163 cujus
1539 4088 1603 4165 ipso

112 4181 179 4241 6646
201 4179 341 4239 instructi
356 4178 551 4254 argumentis.
580 4175 653 4236 Vide
681 4175 832 4235 Mcosche-
885 4177 1021 4237 conditor
1042 4183 1124 4253 erat,
1137 4178 1263 4239 alteram
1280 4194 1333 4256 pro
1354 4178 1420 4238 aliis
1436 4180 1527 4238 etiam
1545 4179 1605 4239 416-

114 4275 198 4335 nium
217 4278 298 4332 tamo
313 4271 341 4332 2.
357 4269 500 4330 Actorum
519 4270 698 4329 Sanctorum
720 4269 831 4347 Aprilis
887 4273 1045 4345 nasleriis,
1069 4273 1097 4330 in
1111 4272 1200 4358 ¹villis
1222 4274 1397 4350 praesertim
1417 4277 1507 4349 atque
1524 4273 1606 4350 agris

113 4368 162 4428 46.
190 4383 255 4445 pag.
275 4364 341 4425 430.
373 4380 435 4440 669.
454 4369 485 4423 64
501 4363 654 4422 Nicolaum
666 4360 829 4421 Antonium
886 4362 1056 4423 condidisse
1074 4365 1294 4437 Fructuosum,
1311 4364 1387 4424 bene
1416 4363 1540 4425 videtur
1556 4380 1609 4424 66-

110 4458 313 4521 844146446666
331 4458 444 4517 v'eteris
461 4458 607 4533 Mispanae
626 4455 699 4515 libro
715 4455 746 4513 V.
765 4471 832 4532 cap.
886 4464 1008 4517 notasse
1026 4456 1164 4518 Oudinus
1182 4464 1262 4518 tomo
1279 4460 1306 4533 4,
1324 4474 1390 4536 pag.
1410 4457 1497 4518 4624.
1515 4455 1605 4536 dpud

112 4556 141 4614 5.
159 4568 225 4630 pag.
239 4551 307 4611 283.
327 4566 390 4626 seq.
408 4550 501 4609 Extat
518 4545 584 4624 ejus
601 4544 716 4625 1169646
731 4547 832 4607 Mona·
886 4549 1043 4611 Caninium
1072 4550 1101 4608 T.
1133 4551 1161 4611 V.
1185 4550 1346 4631 Antiquar.
1379 4553 1456 4611 Lect.
1484 4556 1604 4611 notante

109 4645 191 4708 stica
210 4644 342 4722 duplex,
364 4644 429 4702 sive
447 4659 506 4701 una
523 4642 642 4719 664466,
665 4639 777 4699 tributa
801 4640 829 4697 in
886 4642 1000 4703 Miraeo
1017 4648 1121 4703 666464
1129 4640 1338 4722 'fragmentum
1354 4644 1435 4724 quod
1447 4643 1478 4705 in
1493 4641 1607 4723 requlis

111 4739 189 4800 duas
206 4742 328 4816 partes,
350 4752 478 4814 quarum
497 4736 576 4813 prior
597 4732 745 4812 capitibus
762 4747 832 4791 con·
885 4735 1044 4797 nominatis
1058 4755 1116 4797 non
1132 4738 1294 4817 reperitur.
1312 4741 1371 4799 Moc
1388 4746 1435 4799 cst
1453 4737 1489 4798 de
1504 4737 1608 4799 diver-

113 4838 176 4893 stnt
190 4830 284 4892 XXV.
300 4831 413 4903 altera,
435 4843 512 4906 quae
529 4823 643 4904 1469646
665 4823 833 4885 4404644446
887 4830 974 4890 silete
993 4828 1153 4910 culparum
1179 4848 1272 4912 super
1293 4831 1437 4911 14696466
1457 4834 1488 4894 S.
1512 4834 1603 4895 Benc-

112 4921 279 4986 communis
299 4922 556 4996 inscribitur,XX.
571 4918 734 4997 Capitibus.
747 4916 833 4978 44446-
885 4921 971 4997 dicti,
994 4923 1074 5001 quod
1096 4927 1261 4987 Fructuoso
1283 4927 1439 5007 indignum
1472 4942 1541 4987 esse
1559 4923 1609 5001 ju-

116 5034 177 5097 666
193 5023 295 5077 exstat
311 5020 340 5077 46
359 5015 466 5079 Codice
483 5015 664 5093 Regularum
693 5014 724 5074 S.
741 5015 834 5075 Bene·
888 5015 1000 5077 dicavit
1016 5020 1108 5079 etiam
1126 5018 1329 5085 Mabiilonins.
