3458 5332
673 334 696 395 t'
711 333 737 395 4
751 334 778 396 lt
791 333 896 397 0011
909 334 931 394 S
1435 337 1439 341 ’
1497 338 1559 401 284

44 450 171 495 errores
184 432 278 512 alios,
294 451 399 496 0444040
408 438 533 516 patriae
548 439 660 505 ardens
673 442 780 503 0044440-
833 444 970 519 4004444,
992 442 1166 503 Provinciae
1190 443 1220 501 S.
1233 442 1407 503 Bemurdini
1424 445 1452 504 in
1467 462 1560 525 regno

41 544 102 587 rm:
119 525 175 590 sed
187 526 242 589 hoo
258 528 335 589 milri
348 527 437 603 dolet,
453 533 534 611 quod
550 536 684 613 4444044444
702 536 779 598 alio-
833 538 1035 617 Neapolitano.
1060 535 1124 597 Sub
1155 534 1275 595 Caecilii
1299 543 1401 598 autem
1439 542 1561 600 nominc

41 638 116 681 rtem
125 625 197 681 unte
206 620 445 702 rescriptorum,
458 630 489 686 ei
498 644 547 688 eos
561 616 776 692 nonrrominat:
833 632 863 689 in
881 631 938 691 boc
952 631 1111 691 Volumina
1125 635 1243 690 exstat:
1259 630 1272 689 4
1285 629 1292 701 )
1305 627 1436 692 Libellus
1453 638 1561 712 myste-

40 714 127 775 oiros
136 720 302 794 praetereo
314 717 469 781 0004004
486 719 524 781 de
540 718 778 803 libertateprue-
833 721 951 787 riorum
971 740 1158 802 maqnorum
1179 724 1212 795 2)
1236 719 1422 801 colloquium
1442 726 1474 787 S.
1496 727 1563 787 lda-
1590 789 1597 801 ,

45 806 131 881 clarc
145 805 330 872 disserentes
346 809 511 874 introducit
530 812 700 877 4400044404
716 816 780 877 illu
833 816 901 877 rice
918 816 1047 895 Virqr'rris
1057 834 1127 876 cum
1139 812 1251 875 toeobo
1261 812 1409 893 Apostolo.
1427 818 1457 893 3)
1472 816 1563 878 Liber

45 918 118 963 rum
133 902 319 980 suppressis.
333 905 395 965 b'ec
410 906 487 967 Galli
506 907 587 969 illins
606 908 779 988 Anonymi,
833 909 1051 970 sententiarum
1070 908 1156 969 circo
1183 906 1288 968 Fidem
1305 911 1335 967 et
1349 907 1561 986 directorem,

48 1011 105 1057 aec
121 994 269 1057 Basienis
279 996 404 1059 historia
418 1000 666 1064 Polonicaluoem
680 1004 781 1066 adbuc
833 1008 970 1064 ostensus
1001 1000 1113 1063 tucobo
1140 1020 1162 1061 0
1188 1000 1292 1063 llario
1316 1001 1453 1080 Virpiae,
1468 1004 1564 1084 jussu

48 1088 141 1167 444444,
165 1088 248 1169 quod
273 1093 384 1165 sciam,
407 1092 575 1156 4444440040
601 1103 705 1159 autem
728 1099 779 1159 aiii
833 1096 898 1175 ejus
914 1094 1073 1155 traductus
1091 1092 1307 1157 imitratricem
1319 1110 1377 1174 per
1391 1112 1502 1157 manus
1518 1095 1565 1157 di-

52 1199 112 1243 000
125 1189 200 1245 ante
215 1183 402 1246 Gadlubcum
413 1188 648 1265 scripsissemus
662 1193 780 1271 integro
832 1187 1155 1268 scipuliacrcriptoris
1166 1186 1385 1263 illrus,Gseeilii
1397 1190 1559 1251 Ebenradir

51 1276 183 1356 amplius
212 1278 325 1339 seculo⁴
347 1281 543 1355 posteriorem
572 1285 779 1361 contendunt,
833 1283 867 1356 44
883 1280 973 1343 Liber
988 1280 1133 1343 historiae
1150 1280 1244 1361 siqr'lli
1261 1280 1438 1344 Salomonis.
1456 1283 1494 1357 5)
1511 1282 1562 1343 44-

52 1370 131 1430 eirca
143 1368 269 1433 4440040
285 1370 365 1433 tait
386 1373 500 1433 vixisse
516 1376 712 1440 allirmantes
733 1380 787 1441 lta·
834 1372 889 1435 ber
906 1375 1029 1436 notitiae
1048 1374 1177 1437 Divinae
1188 1374 1353 1457 potentiae,
1372 1372 1565 1455 beniqm‘tatr's

55 1454 291 1542 christophorus
307 1464 693 1551 varseviciusmcatriogo
707 1474 783 1533 scri-¹
835 1474 865 1531 ei
871 1465 1011 1552 justitiae
1027 1468 1113 1529 circo
1127 1469 1309 1545 creaturos,
1329 1470 1438 1539 Partes
1463 1468 1566 1545 duae,

58 1563 177 1634 04044440
188 1557 411 1629 Polonicorum,
426 1567 458 1619 et
475 1561 783 1628 Samuelloacbimus
836 1580 889 1643 per
905 1564 1067 1625 caecilium
1084 1561 1248 1635 Ebenradi,
1264 1562 1449 1641 discipulum
1460 1562 1563 1624 laeobi

58 1650 192 1729 happins
206 1649 246 1713 de
261 1653 460 1730 scriptoribus
475 1653 618 1721 historiae
628 1659 785 1721 Polonieue
832 1657 982 1735 Apostoli,
1011 1658 1206 1719 Delensorem
1237 1658 1325 1734 Legis
1354 1656 1567 1735 Evangelicam

59 1742 84 1819 §-
103 1743 152 1806 ts
838 1750 978 1819 04444404
993 1748 1161 1810 denatura
1176 1748 1285 1828 4409044
1299 1749 1411 1829 eteius
1422 1750 1566 1831 potentio.

94 1836 786 1920 cabocasltenooiogrusencmnnumsuri·
837 1841 1149 1920 alterumalteum
1173 1842 1210 1904 de
1236 1843 1312 1905 dono
1338 1843 1445 1905 domus
1464 1844 1566 1925 pacis,

64 1933 96 1991 sti
113 1931 174 1995 570
189 1931 327 1993 corrditor
341 1936 513 1997 Monasterii
530 1940 787 2021 Laecamnensis,
839 1942 869 1997 et
881 1935 987 1998 domrrs
996 1936 1137 1997 tormenti
1144 1953 1181 1995 ac
1191 1935 1348 1997 uindictae.
1363 1940 1391 2012 8)
1406 1938 1449 1997 De
1458 1934 1567 1999 iacobi

62 2022 137 2085 inter
152 2027 318 2105 scriptores
333 2030 523 2091 Britannicos
536 2032 677 2097 laudatur
694 2054 712 2096 a
732 2039 788 2099 Le·
839 2029 973 2111 Apostoli
985 2028 1093 2110 pestis,
1108 2027 1328 2108 miraculisque
1343 2036 1373 2090 et
1383 2030 1569 2109 0040944440-

60 2112 292 2197 artocopus.
309 2122 476 2185 Decodem
496 2126 606 2187 baleus
627 2130 751 2192 centur.
772 2133 785 2193 4
841 2121 1221 2203 tiooeodpraedieondum
1234 2121 1446 2203 anaqelium,
1462 2126 1570 2185 Partes

57 2224 120 2290 rup,
136 2212 187 2273 hb
204 2212 293 2273 Hunc
304 2211 410 2295 ferum
427 2223 567 2280 auctores
577 2225 684 2283 000440
697 2240 788 2304 quos·
839 2220 926 2282 44440.
937 2222 1021 2280 40444
1031 2218 1170 2279 bnecnon
1183 2217 1271 2278 rideo
1281 2233 1564 2296 comparere,quem

54 2300 130 2367 door
157 2304 212 2367 sui
236 2308 569 2391 temporisEpieureos
595 2314 639 2375 ad
668 2315 789 2379 Geldarn
841 2316 1022 2376 Franciscus
1035 2314 1174 2374 bivarius
1188 2314 1217 2370 in
1233 2312 1313 2372 uotis
1328 2310 1366 2372 ad
1380 2309 1569 2372 Pseudo-lle-

50 2398 225 2481 scripsisse
239 2398 277 2463 de
291 2401 355 2464 Vite
370 2404 500 2467 04440400.
516 2407 602 2471 ldem
611 2413 721 2489 repetit
731 2414 790 2474 Pit·
843 2412 904 2470 xtri
914 2408 1082 2470 chronicon
1094 2423 1161 2485 pag.
1173 2407 1232 2467 409
1246 2410 1394 2465 memoret
1407 2403 1516 2466 librum
1531 2400 1569 2463 de

50 2508 136 2557 aeus
145 2512 215 2575 pag·
234 2497 302 2557 400.
313 2500 365 2576 qui
375 2498 494 2562 Gildam
503 2506 672 2583 sapientem
682 2506 790 2570 Cadoci
845 2498 1031 2565 eccellentirs
1044 2504 1074 2561 et
1085 2496 1246 2561 merueritis
1260 2495 1387 2559 04404444
1398 2496 1519 2559 4404444444
1531 2508 1570 2557 dc

45 2582 244 2668 discipulum
260 2592 401 2669 appellat.
844 2595 954 2658 lintris
974 2595 1065 2675 Ejus,
1080 2592 1121 2655 oh
1135 2592 1348 2654 incarnatione
1367 2589 1458 2653 Verbi
1470 2604 1570 2672 usque

93 2681 332 2746 CADUCANUS
350 2688 603 2770 Banocborensis,
628 2696 695 2755 sive
714 2698 792 2759 4440-
843 2688 886 2751 ad
900 2687 1137 2751 Adscensionem
1159 2686 1219 2749 Sed
1239 2686 1327 2765 plfflle
1355 2685 1450 2747 Vldffl
1467 2690 1570 2763 potest

43 2777 198 2849 gorensis
212 2777 242 2835 in
258 2775 365 2857 bnglia
375 2780 545 2863 Episcopus
561 2785 641 2849 diem
655 2790 792 2852 oblitan-
845 2784 929 2843 lrons
939 2784 1064 2861 periisse
1077 2780 1116 2843 dc
1128 2781 1233 2855 rebus,
1248 2778 1369 2857 quando
1386 2777 1466 2840 idem
1480 2780 1575 2841 Biva·.

45 2880 95 2931 440
108 2869 201 2932 4225.
213 2874 304 2949 cnjus
314 2873 476 2953 Speculum
492 2877 746 2955 Christianorum,
758 2891 790 2944 et
845 2879 909 2939 rins
921 2873 1411 2937 nondubitatabeodemcaecilio
1421 2873 1576 2951 composta

46 2960 266 3025 Itomiliorum
280 2964 429 3029 volumen
453 2980 625 3034 memorant
640 2976 791 3037 Lelandus
846 2979 896 3031 tos
907 2971 1001 3031 luisse
1009 2966 1247 3031 Cornmentorios
1260 2964 1573 3047 inhpocolqsintourt·

50 3068 94 3119 ca
110 3056 184 3121 228.
202 3059 313 3120 Baleus
326 3062 367 3122 444
385 3062 424 3123 85
441 3070 473 3123 ot
490 3067 609 3128 Pitseus
625 3085 654 3146 p.
672 3070 741 3131 208.
782 3050 804 3102 ',
848 3063 896 3125 nis
916 3081 953 3125 4ο
972 3070 1186 3141 temporeque
1203 3058 1338 3122 nondum
1354 3066 1421 3121 erat
1437 3062 1573 3137 scriptus

102 3150 311 3227 CAEClLlUS,
328 3171 421 3231 quem
437 3153 633 3223 Ebenradum
645 3165 797 3241 cognomi-
850 3158 900 3219 bic
916 3158 991 3219 liber
1004 3156 1042 3216 ab
1059 3154 1339 3234 apostolumque
1351 3153 1454 3231 lingua
1468 3154 1574 3229 Hispe-

63 3258 120 3319 04,
134 3242 272 3325 Apostoli
292 3249 394 3313 iacobi
418 3250 542 3329 majoris
561 3252 743 3335 discipulum
763 3263 795 3317 et
848 3252 935 3325 nica,
951 3266 1030 3329 quae
1043 3253 1112 3328 post
1128 3245 1250 3309 saecula
1271 3245 1386 3322 aliquot
1413 3241 1572 3321 interiecta

62 3336 251 3419 Episcopum
268 3343 399 3420 primum
413 3344 635 3410 iliberritannm
646 3351 677 3409 in
691 3352 796 3430 444004-
847 3344 972 3408 demum
988 3342 1116 3404 debebat
1127 3342 1156 3401 in
1167 3356 1258 3403 usum
1268 3340 1386 3401 venire:
1398 3338 1477 3399 bane
1487 3339 1570 3399 4444444

66 3433 129 3507 nia,
154 3440 188 3495 et
210 3450 292 3495 anno
307 3438 443 3499 secundo
457 3442 597 3504 'Neronis
613 3445 791 3522 Martyrium
846 3440 971 3503 demum
986 3455 1060 3499 vere
1080 3452 1150 3499 esse
1169 3450 1261 3497 unam
1281 3450 1325 3493 em
1340 3430 1450 3511 liroprris
1465 3430 1571 3506 4404444,

66 3524 178 3588 obiisse
194 3527 382 3608 inhumatur,
399 3548 458 3595 non
475 3537 717 3615 praetereundus
735 3539 792 3601 4400
846 3532 958 3612 quibus
974 3533 1153 3610 loquuturos
1161 3526 1322 3607 apostolos
1330 3532 1433 3587 exstet
1446 3526 1575 3604 promis-

66 3618 131 3683 loco
155 3621 232 3683 mihi
248 3624 336 3685 visus
354 3626 423 3703 luit,
444 3632 587 3706 quoniam
613 3633 644 3691 in
671 3630 793 3693 laminis
848 3642 918 3687 sum
933 3627 1022 3687 blare.
1040 3625 1107 3686 xvi
1125 3642 1155 3683 44.
1172 3622 1211 3684 47
1226 3622 1336 3683 Notum
1351 3627 1474 3697 autem,
1499 3618 1574 3681 haec

67 3714 220 3793 plumbeis
231 3719 261 3777 in
270 3734 403 3783 caverna
417 3721 693 3801 eujusdamiioniis
704 3743 795 3805 prope
848 3716 1247 3780 commentaabsanioribns
1259 3716 1410 3776 Romanae
1420 3712 1574 3775 Ecclesiae

66 3811 224 3871 civitatem
239 3812 459 3877 Granatensem
474 3816 534 3879 40.
552 3820 632 3881 4595
648 3822 793 3899 repertis,
848 3814 893 3875 sic
909 3818 944 3873 ut
961 3817 1116 3872 merentur
1131 3807 1264 3889 explodi,
1280 3808 1366 3869 eleb
1382 3808 1456 3886 ipsis
1472 3808 1574 3867 Ponti·

67 3920 146 3983 quas
163 3906 292 3969 4400004
316 3907 354 3969 de
377 3910 407 3971 14
437 3912 567 3990 fligvern
590 3914 719 3989 40444004,
743 3916 793 3978 vol
848 3906 956 3969 ficibus
973 3905 1091 3966 Urbano
1107 3904 1175 3965 Vll}
1203 3909 1236 3962 et
1257 3900 1431 3961 Innocentio
1447 3900 1488 3961 Xi
1507 3914 1575 3977 pro-

66 3998 148 4060 alius
163 4000 274 4061 similis
300 4005 497 4084 nugivenduli
515 4008 649 4086 improbo
665 4017 698 4071 04
712 4026 795 4071 ems.
848 4001 941 4062 bibita
965 4000 1059 4061 tuisse
1079 4014 1114 4059 ac
1134 3995 1352 4057 condemnata.-
1368 3992 1480 4053 Conlcr
1498 3990 1576 4053 4044

66 4094 130 4154 sior
160 4094 246 4155 haus
275 4112 312 4157 eo
335 4098 400 4160 loeo
423 4098 592 4177 defoderat,
615 4103 695 4165 inter
720 4104 794 4167 alias
848 4098 1029 4157 Sanctorum
1042 4088 1295 4151 will-Isthmi·
1309 4083 1368 4145 ⁵¹¹¹)
1385 4084 1574 4145 inst-‘⁸⁸⁰⁰‘-

67 4190 296 4252 commentitias
316 4195 496 4273 scriptiones
518 4191 627 4257 taeohr‘
643 4195 793 4276 Apostoli,
848 4190 901 4252 llll
918 4186 985 4266 llaji
997 4204 1063 4266 psg.
1074 4186 1145 4247 285.
1160 4182 1229 4243 44040
1244 4181 1326 4241 4040
1343 4183 1481 4257 repetere
1496 4192 1575 4255 quae

68 4282 129 4345 sub
146 4281 346 4363 Ctesiphontis
372 4286 440 4365 ejus
466 4288 606 4369 discipuli
619 4336 626 4367 ,
640 4288 794 4370 hujusque
844 4282 907 4363 jam
925 4286 1028 4347 notata
1044 4296 1062 4341 a
1077 4295 1125 4341 me
1142 4281 1216 4341 sunt
1229 4277 1260 4335 44
1268 4272 1379 4337 Codice
1391 4268 1574 4351 apocrypho
1703 4312 1707 4320 -

69 4377 193 4439 Caecilii
207 4381 330 4442 nomine
342 4382 442 4461 lingua
454 4382 581 4445 Arabica
594 4390 627 4445 et
635 4384 795 4463 Hispanico
845 4380 923 4443 Novi
933 4375 1120 4441 'testamenti
1135 4388 1204 4452 pag.
1220 4368 1280 4431 044
1294 4384 1358 4447 seq.
1375 4371 1444 4427 ett.
1460 4364 1487 4427 ll
1504 4378 1572 4443 pag.

69 4474 202 4551 scripta,
218 4476 310 4536 etiam
337 4476 485 4554 quaedam
506 4478 612 4538 Latine
636 4478 795 4541 circumter
848 4473 917 4537 722.
933 4472 973 4533 Vt
989 4477 1091 4531 tamen
1112 4465 1217 4528 lectori
1237 4468 1363 4543 gustum
1389 4462 1577 4560 commento-

69 4574 198 4643 runtur‚
209 4570 290 4631 sicut
303 4572 334 4629 in
349 4570 491 4632 manibus
504 4572 582 4633 meis
591 4576 640 4631 ost
649 4572 793 4633 volumen
847 4582 917 4629 rum
931 4565 1076 4627 horumce
1086 4559 1258 4632 exhibeam,
1272 4552 1574 4657 placetsubqupgore,

71 4666 227 4743 integrum
251 4663 360 4727 borum
387 4670 629 4727 commentorum
649 4665 797 4745 scriptum
850 4665 899 4723 est
913 4660 995 4721 enim
1017 4656 1163 4736 perbreve
1191 4653 1359 4730 scriptum,
1385 4663 1435 4709 cnr
1455 4640 1575 4746 titulus:

71 4760 190 4834 Latine,
201 4756 290 4838 cujus
300 4776 373 4839 pars
385 4759 508 4839 quidem
518 4777 558 4821 ex
568 4758 696 4823 44044400
708 4774 797 4821 vorsu
849 4748 947 4816 trber·
961 4748 1175 4831 mysteriorum
1190 4758 1382 4824 muqnorum,
1400 4752 1482 4819 W
1498 4734 1577 4801 444044

72 4860 199 4917 0044404
218 4850 309 4932 jussu
325 4855 572 4935 congregationis
592 4852 798 4933 Inquisitionis
850 4846 982 4909 lacobus
993 4840 1152 4926 Apostolus
1166 4841 1198 4902 in
1209 4842 1306 4944 0404440
1321 4838 1440 4909 surreio,
1453 4826 1490 4891 ob
1501 4827 1578 4935 Coro

70 4952 188 5013 Romae
208 4947 244 5010 4.
262 4949 339 5011 retr
365 4966 384 5011 4
404 4949 631 5011 bartholomaeo
658 4964 677 5008 0
696 4948 800 5008 Pecto·
850 4940 955 5005 citr'rrm
975 4935 1145 4999 4440040440
1166 4926 1498 5037 4444044404000044040
1511 4939 1576 5004 ipris

71 5064 162 5121 rano,
184 5042 308 5105 Ordinis
334 5044 481 5109 tainorum
502 5042 664 5105 strictioris
690 5041 800 5103 044004-
849 5052 908 5115 per
923 5046 1032 5096 monus
1048 5030 1167 5093 Caecilii
1179 5070 1187 5104 ,
1201 5043 1251 5089 sur.
1267 5019 1448 5107 0440404444·
