3464 5318
202 343 262 404 iao
760 345 1141 414 iruiiaii'ihius

114 453 116 456 ⁴
202 454 231 510 in
250 452 375 522 lexico,
392 450 537 528 liupinius
563 450 739 510 iomoxiv.
764 454 925 515 Bibliothe-
979 457 1078 534 tiliae,
1096 462 1162 520 sive
1191 462 1324 522 locorum
1352 467 1563 527 communium
1585 474 1617 526 et
1637 483 1697 526 sen

199 562 252 607 cae
269 544 496 606 Ecclesiasticae
513 559 580 622 pag
599 544 666 606 656.
683 546 822 608 Nicotaus
835 549 923 609 Gom·
978 556 1141 623 tentiarum
1157 557 1186 631 a)
1202 574 1257 635 per
1268 557 1367 635 capita
1378 558 1500 620 lxxx.
1510 559 1696 620 collectarum

200 655 298 700 uenus
319 634 495 714 Papadopoli
515 634 554 697 de
583 636 748 715 Gymnasio
778 643 922 702 Patauino
977 662 1014 705 ex
1033 663 1116 709 sacra
1130 649 1284 727 Scriptum
1297 655 1329 710 et
1342 651 1457 710 sanctis
1468 652 1620 725 Patribus
1636 653 1697 711 Am-

199 732 300 791 iom.t
316 744 407 808 ,.pag
425 726 479 789 666
512 735 570 789 ete.
586 731 707 792 iconem
726 732 858 794 habeam
873 737 923 794 la
977 735 1099 815 666666,
1128 740 1314 807 Anastasio,
1343 741 1540 821 Augustino
1570 744 1695 811 Basilio,

199 826 239 881 vii
255 824 358 902 elogiis
377 839 443 900 pag.
471 823 539 883 166.
566 831 598 882 et
618 823 696 903 apud
725 827 919 889 Boissardum
977 831 1139 907 Caesario,
1166 810 1325 897 Clementis
1353 837 1455 911 libris,
1485 836 1694 900 Collationidur

162 994 165 999 .
198 924 270 976 tom.
301 917 326 975 6.
356 918 520 996 imaginum
546 934 613 994 pag.
637 917 708 978 206.
740 920 918 981 Bullariium
976 927 1130 995 Cassiani,
1123 928 1324 1008 Cypriane,
1349 885 1486 1009 6616666,
1508 930 1625 1005 lisura,
1642 934 1695 992 Eu

199 1015 270 1070 tom.
291 1013 318 1071 6.
335 1008 478 1071 Academ-
489 1027 555 1089 pag.
573 1011 632 1071 eit
648 1017 709 1072 etc.
975 1016 1075 1095 sebio,
1093 996 1258 1102 (irnperio,
1275 1022 1477 1103 Hieronymo
1491 1023 1634 1100 Hilario
1650 1027 1695 1086 lsi-

237 1101 425 1164 Loncellotus
434 1104 575 1165 DECIUS
585 1104 734 1183 Phihppi
740 1104 836 1165 irater
846 1111 921 1166 natu
978 1112 1068 1190 doro,
1089 1116 1236 1196 1666666,
1265 1116 1392 1196 0666666
1412 1123 1442 1177 66
1472 1118 1548 1179 Vitis
1567 1092 1693 1180 Petrum

197 1196 312 1275 m³j⁰i
327 1198 422 1259 JClus
445 1203 477 1256 66
502 1197 735 1275 ¹lt⁵fl0010bi¹8
758 1197 920 1260 Alexandri
976 1210 1061 1269 llunc
1079 1209 1188 1271 librum
1206 1228 1244 1272 ex
1260 1211 1442 1272 Bibliotheca
1462 1214 1579 1273 montis
1605 1215 1693 1275 Casini

199 1306 340 1385 Tartagni
358 1304 543 1384 discipulus,
564 1304 667 1365 docuit
682 1307 739 1365 lus
760 1306 854 1367 Civile
876 1306 922 1366 Pi·
976 1302 1173 1382 descripsisse
1190 1320 1224 1365 se
1242 1305 1334 1366 refert
1354 1307 1488 1366 loannes
1514 1306 1693 1369 hlabillonius

197 1400 241 1458 sis
261 1403 292 1457 et
308 1398 421 1470 Ticini,
439 1397 488 1457 ubi
505 1396 670 1458 defunctus
692 1406 741 1458 est
755 1396 811 1459 66.
827 1398 920 1460 6566.
975 1410 1042 1474 pag.
1062 1397 1127 1457 663.
1145 1399 1239 1458 hlusei
1253 1397 1345 1458 lielici
1359 1443 1366 1472 ,
1381 1398 1431 1458 666
1445 1404 1587 1460 veterem
1603 1409 1693 1461 aucto

197 1494 264 1554 lam
283 1508 300 1551 6
324 1491 459 1552 Gesnero
483 1497 661 1564 annotatum
689 1492 745 1552 lult
763 1492 921 1571 scripsisse
976 1504 1040 1547 rem
1055 1490 1250 1569 appellat<,ut
1264 1493 1315 1570 qui
1331 1492 1448 1553 nullum
1464 1508 1482 1552 e
1497 1493 1638 1554 Patribus
1650 1496 1694 1554 lsi·

197 1601 268 1647 eum
280 1600 372 1664 super
388 1589 485 1646 totum
500 1586 515 1643 J
520 1600 556 1645 us
567 1584 664 1645 Civile
678 1586 920 1660 commentarios,
974 1579 1047 1640 doro
1064 1586 1259 1660 posteriorem
1276 1585 1408 1652 adducit.
1429 1586 1563 1647 l’meter
1578 1604 1641 1647 rem
1657 1596 1693 1648 ta-

199 1683 251 1757 666
268 1679 418 1740 habentur
435 1679 584 1757 impressi.
975 1690 1044 1735 meu
1065 1675 1168 1737 hebuit
1184 1693 1238 1755 pro
1255 1677 1385 1748 inedito,
1402 1682 1452 1738 est
1475 1679 1552 1739 mihi
1573 1683 1691 1741 enimin

237 1772 351 1834 Omitto
361 1770 515 1850 juniores:
535 1773 562 1846 6)
579 1769 721 1831 lodicum
736 1770 919 1834 ludovicum
975 1769 1114 1830 matribus
1125 1769 1216 1830 editio
1229 1772 1419 1832 coloniensis
1430 1771 1488 1833 lln.
1507 1776 1597 1835 6566.
1610 1774 1692 1834 torma

198 1866 319 1928 Decium
332 1915 341 1942 ,
358 1865 544 1927 Germanum
556 1907 564 1932 ,
577 1867 607 1926 S.
622 1867 758 1926 Laterani
771 1866 918 1928 Comitem
975 1865 1210 1924 minorecxcuse
1222 1863 1302 1942 apud
1312 1863 1433 1925 l’etrum
1446 1866 1550 1926 llorst.
1563 1868 1693 1928 6666666-

197 1962 317 2041 lmperii
328 1961 479 2040 liegisque
493 1958 630 2020 l’bloniae
642 1959 855 2039 Sigismundie
872 1975 921 2019 se-
973 1959 1108 2036 piensem
1126 1972 1247 2035 quoque
1264 1957 1342 2019 honi
1358 1959 1447 2019 6666.
1465 1976 1483 2020 6
1501 1960 1651 2034 Gesnero,
1666 1968 1693 2020 ei

197 2056 301 2131 cretis,
319 2055 496 2132 scriptorem
514 2053 581 2113 libri
599 2051 635 2112 de
648 2051 848 2113 vetustatibus
861 2055 921 2113 'Po
975 2051 1120 2110 Venetam
1133 2051 1221 2111 6662.
1232 2068 1250 2111 6
1261 2052 1387 2113 simlero
1394 2055 1559 2114 memorari
1568 2055 1691 2126 memini,

198 2146 353 2223 locorum,
367 2154 399 2208 et
412 2146 479 2207 libri
494 2145 531 2206 de
546 2142 731 2224 Jopelionum
740 2143 878 2226 familia,
890 2152 921 2205 ei
977 2159 1015 2202 ne
1031 2141 1129 2203 dicam
1144 2142 1182 2204 de
1198 2144 1259 2220 ille,
1277 2159 1355 2223 quae
1370 2160 1410 2204 ex
1427 2145 1565 2206 liemane
1579 2146 1691 2207 Antonii

198 2243 367 2304 6666666166
381 2238 516 2319 6666666
528 2237 919 2321 Ssprsmuudrtempombus
974 2237 1162 2316 Gangetiae,
1179 2238 1271 2300 Siculi
1288 2237 1437 2313 editione,
1454 2241 1544 2300 llam
1568 2243 1692 2304 66666

88 2341 95 2365 ’
197 2331 417 2414 quaejunctim
435 2331 515 2393 edite
532 2333 693 2395 cracoviae
718 2332 807 2415 6566.
823 2333 873 2393 toi.
890 2340 921 2394 et
976 2331 1033 2391 sub
1057 2326 1154 2391 Bedee
1182 2331 1304 2391 nomine
1328 2337 1430 2392 exstat
1448 2338 1523 2393 tom
1554 2335 1616 2396 i'ii.
1632 2333 1692 2412 ejus

198 2427 307 2488 deinde
326 2442 435 2488 recusa
449 2427 480 2484 66
493 2425 639 2486 iohannis
659 2426 775 2485 Pistorii
791 2426 921 2505 Corpore
976 2440 1119 2502 operum,
1137 2422 1175 2484 de
1190 2440 1250 2501 qua
1276 2425 1403 2485 sicelet
1422 2424 1462 2485 de
1488 2425 1693 2506 hegla-Sese

198 2522 377 2598 scriptorum
407 2518 548 2577 historiae
574 2518 748 2592 Potonicae,
769 2524 840 2578 tom.
874 2535 920 2578 se
976 2534 1041 2578 6666
1055 2518 1134 2579 illius
1148 2533 1287 2578 versione
1298 2533 1411 2597 supra
1421 2523 1524 2582 tamt
1533 2538 1619 2601 ,gpa.
1592 2521 1692 2584 6678.

197 2611 309 2686 6666ο,
337 2612 471 2672 Basileae
498 2612 584 2673 6686.
615 2612 663 2671 666.
687 2613 716 2686 6)
746 2611 920 2673 conradum
975 2610 1015 2672 ht
1035 2612 1115 2671 enim
1138 2618 1248 2674 nemen
1276 2609 1468 2693 6666666666,
1484 2620 1519 2674 et
1545 2617 1693 2692 authuris

198 2704 340 2780 Decium,
355 2706 558 2767 secretarium
574 2706 667 2766 Ducis
684 2705 834 2766 husiriacl
852 2708 921 2766 Fer·
975 2706 1022 2765 sui
1041 2705 1144 2766 Ursini
1158 2710 1262 2767 auctor
1278 2698 1559 2788 diserte‘expressit
1570 2711 1600 2768 in
1617 2724 1693 2788 prae

198 2797 339 2873 elinandi,
353 2799 404 2877 qui
418 2797 563 2859 Gerhardi
581 2798 619 2858 66
635 2800 697 2858 lloo
714 2797 848 2860 Annales
860 2798 920 2859 llu-
976 2800 1100 2877 latione,
1114 2816 1205 2877 quam
1217 2798 1365 2877 integram
1382 2798 1451 2875 hic,
1469 2807 1520 2861 est
1536 2804 1618 2862 enim
1634 2802 1693 2861 bre

198 2895 325 2953 struens
341 2892 378 2952 ab
395 2891 483 2952 Anno
501 2891 588 2953 6273.
607 2890 642 2952 ed
662 2884 826 2953 iniexit.
838 2891 920 2951 libris
975 2893 1042 2967 vis,
1062 2891 1138 2952 inira
1158 2893 1261 2971 posui:
1281 2893 1402 2970 666666,
1424 2892 1571 2975 quisquis
1589 2911 1639 2971 es,
1662 2893 1692 2954 ii

198 2987 351 3065 expositos
367 2991 436 3067 post
451 2987 582 3047 auctoris
606 2985 722 3046 obitum
746 2987 919 3058 recensuit,
974 2982 1082 3045 6666666
1100 2984 1178 3045 hunc
1198 2983 1314 3063 legens,
1329 2983 1434 3064 6666666
1448 2992 1477 3047 te
1497 2988 1645 3069 scripur,
1661 2993 1691 3045 ut

200 3079 396 3160 vulgavitque
404 3078 571 3159 Oeniponte
588 3080 675 3141 6593.
690 3079 739 3140 iol.
752 3085 784 3139 et
796 3077 920 3138 Germa·
975 3075 1077 3138 libenti
1090 3077 1170 3157 lepus
1186 3077 1305 3152 66666,
1323 3083 1354 3139 et
1372 3078 1519 3159 melliflua
1544 3087 1633 3160 prate
1646 3097 1690 3142 su

197 3174 263 3234 nice
281 3174 392 3248 vertit,
409 3171 564 3253 Augustae
590 3172 813 3243 vindelicorum
831 3172 918 3233 6666.
974 3170 1085 3251 cespius
1099 3167 1207 3232 66666.
1227 3170 1369 3232 Voluntas
1393 3170 1472 3232 6666
1486 3179 1517 3233 et
1531 3172 1635 3250 inber,
1650 3173 1689 3232 ni·

97 3338 100 3345 Ι
197 3266 246 3327 iol.
264 3282 387 3329 recusos
404 3267 509 3326 Latine
527 3282 624 3345 nuper
649 3264 739 3327 llalae
765 3264 918 3326 86666666
974 3264 1017 3325 666
1042 3262 1128 3324 atiud
1150 3263 1215 3345 fuit
1241 3265 1458 3343 6666666666
1471 3267 1509 3327 de
1537 3266 1689 3328 6666666666

197 3357 285 3419 iios.
305 3358 331 3418 6.
350 3360 377 3434 3)
397 3356 555 3418 Antonium
580 3355 722 3432 Decium,
737 3359 915 3432 llortinum,
973 3362 1150 3421 8666666666
1178 3356 1286 3436 dietis,
1308 3378 1324 3420 e
1344 3358 1456 3441 quibus
1482 3366 1632 3442 excepta
1649 3364 1690 3420 est

193 3448 283 3527 cujus
300 3451 453 3529 ingenium
468 3450 653 3511 carminibus
671 3450 827 3510 Hetruscis
844 3465 918 3528 pau·
972 3452 1044 3512 haec
1061 3452 1206 3512 Scintilla.
1225 3453 1285 3513 Nee
1300 3468 1367 3514 mea
1392 3442 1686 3531 emistitindustrio,

194 3541 300 3619 gendis
327 3543 484 3621 probatum
502 3544 653 3622 Torquato
668 3543 774 3617 lasso,
790 3544 916 3623 principi
970 3544 1024 3606 sed
1038 3544 1113 3604 eiii
1125 3538 1217 3605 66666
1235 3552 1280 3608 est
1293 3546 1416 3627 96666,
1430 3548 1552 3628 nisique
1571 3547 1688 3610 66666666

195 3632 275 3694 illius
292 3640 437 3713 poeseos,
453 3634 545 3717 digno
569 3636 665 3713 elogio
692 3642 805 3697 mactat
820 3637 916 3696 ianus
969 3639 1016 3699 ris
1032 3638 1168 3700 66686666
1179 3638 1334 3702 conuiuae
1351 3638 1562 3723 obtemperare
1575 3640 1688 3707 666666.

194 3724 490 3806 Niciuslirythraeus
501 3728 694 3807 pinaeetheea
705 3730 914 3808 6666666686.
966 3732 1097 3812 pupinus
1119 3748 1256 3814 quesere
1277 3740 1436 3810 semiana,
1452 3738 1633 3798 emisenam
1646 3753 1689 3796 re-

234 3817 487 3882 66666666Εὸ
510 3820 697 3883 Pontificum.
725 3821 796 3883 vide
824 3838 917 3901 supra
966 3827 1088 3904 periens
1101 3825 1285 3907 fulgentem
1298 3828 1515 3890 6666666666
1527 3833 1600 3912 quis
1614 3848 1689 3892 usar-

195 3921 267 3974 tom
287 3917 315 3974 t.
332 3930 399 3994 pag.
413 3912 483 3978 273.
499 3931 562 3993 seq.
811 3952 813 3957 .
967 3919 1101 4000 6666666
1117 3927 1173 3981 out
1196 3938 1363 4000 pennam,
1379 3922 1431 3983 ito
1444 3922 1561 3985 auidus
1586 3923 1686 4004 6666666.

232 4006 914 4084 666666666666666,6666661666
973 4013 1344 4097 Guttusquernudmodum
1357 4015 1496 4079 66666666
1509 4018 1624 4081 multae
1632 4017 1687 4100 fou

217 4098 382 4181 iohannes
406 4102 619 4177 ennuchis,
637 4103 837 4184 Philosophus
853 4104 915 4168 hn-
970 4114 1027 4169 tem
1044 4108 1193 4193 6666666666,
1220 4108 1415 4171 6666666666
1441 4111 1486 4173 sic
1510 4110 1687 4175 6666666666

192 4197 278 4276 glus,
301 4198 352 4275 qui
380 4194 486 4257 Oronti
511 4199 632 4277 scripsit
658 4198 799 4287 probatas
823 4202 914 4261 66666
969 4218 1152 4283 6666666666
1168 4202 1355 4281 testimonie,
1371 4202 1424 4266 hoe
1434 4202 1685 4267 madereteniooi

191 4282 916 4367 suaeQuaestionesiuiibrosdseemlithieoruu
972 4294 1069 4358 Veluti
1083 4292 1149 4356 de
1136 4313 1203 4375 66666
1226 4251 1377 4377 prodeunt
1402 4294 1572 4374 6666666666,
1589 4298 1640 4358 itu
1646 4295 1687 4355 hie

192 4378 380 4457 Aristotelis,
398 4386 476 4443 teste
493 4382 623 4445 lelando
640 4400 705 4464 cap.
724 4386 792 4447 666.
817 4387 916 4446 Plisen
968 4389 1101 4450 minutus
1117 4390 1278 4450 sententiae
1277 4389 1503 4481 ,pluribusque
1520 4388 1687 4452 6666666666-

193 4493 260 4557 pag.
278 4474 349 4539 sie.
363 4481 396 4537 66
411 4475 501 4537 Balce
515 4477 581 4539 llll.
596 4478 647 4538 86.
815 4541 817 4545 ,
965 4486 1037 4561 pta'e
1047 4486 1191 4543 vocentur
1201 4482 1339 4544 Scintilla
1349 4484 1589 4563 seripturarum.
1600 4487 1686 4561 Quam

231 4570 453 4639 ossensele,
469 4568 693 4633 Grammaticus
707 4577 739 4631 et
752 4569 916 4634 Monachus
969 4576 1025 4656 6666
1039 4565 1136 4654 tegere
1154 4575 1241 4651 uult,
1260 4573 1394 4637 lotorem
1408 4575 1478 4637 'sihi
1492 4583 1530 4638 ut
1541 4582 1684 4658 amputet,

193 4663 422 4743 Licoeiagsnsis
438 4664 517 4743 6666
533 4666 690 4741 Pictones,
705 4664 916 4757 AuctorSciu
969 4688 1022 4731 uec
1035 4688 1112 4751 prae
1128 4670 1258 4731 coeteris
1279 4667 1410 4752 66666666
1438 4668 1578 4731 iterando
1605 4669 1686 4733 66666-

235 4818 762 4883 6616666666666666666666666166
783 4826 918 4885 inbuant,
964 4806 1188 4879 dictumlibrov.
1210 4828 1687 4891 666666666666666666.66.6666·

193 4892 237 4946 slit
267 4896 398 4946 caesario
420 4902 566 4965 iipiseopo,
592 4906 621 4952 nt
642 4898 726 4951 codex
748 4899 919 4951 Bibliothecae
966 4916 998 4955 ne
1016 4911 1072 4967 posi
1087 4903 1176 4954 ueiens
1166 4915 1249 4953 orsrn
1264 4886 1315 4953 stis¹
1334 4906 1404 4955 eires
1420 4910 1525 4958 6666666
1542 4906 1604 4959 litt
1622 4916 1688 4955 *eon

190 4969 314 5020 eratineo
333 4974 473 5035 Lipsiensis
499 4976 526 5026 in
554 4976 675 5039 catalogo
694 4966 755 5026 ass.
779 4975 919 5026 seiierisno
966 4979 1047 5043 pastis
1071 4991 1086 5028 6
1115 4980 1220 5028 inuiti
1241 4977 1396 5039 litbsraieo,
1423 4978 1455 5029 ds
1476 4988 1531 5044 qen
1560 4980 1628 5032 runs
1648 4988 1686 5028 suo

190 5056 250 5108 pag
268 5044 322 5096 636.
342 5051 487 5101 usonem
503 5052 593 5102 similis
611 5054 713 5115 generis
726 5050 919 5106 colhctionibus
956 5052 1031 5104 loce.
1242 5066 1245 5071 ·
