3464 5318
722 334 878 411 ¹³21)AE
1497 340 1556 406 440

97 449 294 530 mundatus
309 465 348 510 ex
361 447 450 510 dictis
461 448 593 521 Petrum,
602 443 779 524 Augustino,
833 444 973 523 6400404,
988 443 1110 509 60440444
1122 446 1220 508 Accae
1228 444 1555 528 EpiscopiElromeen-

54 549 251 624 Hieronymo,
263 544 389 618 isidoro,
407 541 594 604 Sedulioete.
606 538 638 599 in
653 538 779 601 Genesin
831 540 895 616 sic,
912 559 950 602 aa
969 539 1133 602 4004404044
1152 537 1307 621 liumus,
1329 557 1494 621 appresrm
1510 548 1557 603 644

54 640 191 731 4444048.
207 635 363 713 Emodum,
379 653 445 715 pag.
461 634 518 697 496
528 632 700 711 4604440004,
711 652 776 714 pag.
832 631 965 697 scribere
980 633 1011 695 in
1026 653 1202 698 amomum
1224 639 1449 697 sacrosanctam
1471 639 1556 702 Seri-

55 736 117 799 249
134 733 293 807 Numeros,
307 747 374 810 pag.
392 730 452 790 228
468 732 498 788 et
509 726 778 803 deuteronomium,
827 733 955 809 ptura-m
975 727 1098 806 44406400
1114 729 1360 810 eapienotionum
1382 731 1553 814 0044404400,

56 846 125 910 pag.
140 829 196 891 944
218 842 301 887 mom
321 824 433 902 llialogi
453 824 532 882 iuter
553 822 727 899 Magistrum
747 828 780 883 et
833 823 865 885 iu
884 829 1015 904 quotuor
1040 823 1160 886 ordines
1184 824 1340 905 4444440040,
1368 826 1505 890 videlieet
1524 830 1556 890 in

55 920 305 1000 Discipulum.1n
317 914 429 978 librum
443 915 781 994 conuenientium
832 917 1027 995 lilrapsodias.
1037 918 1246 997 Quaestiones,
1260 921 1409 1001 Romilius,
1425 929 1458 984 64
1467 924 1555 986 Com-

56 1009 531 1094 cemmeticensium.
552 1010 621 1072 26l.
648 1012 781 1086 quatuor
834 1011 1006 1071 menterios
1030 1010 1068 1072 In
1093 1009 1289 1092 alapiona,
1306 1013 1371 1076 0400
1397 1016 1576 1078 844004044-4

56 1107 153 1171 libror
174 1110 300 1185 liceum,
324 1123 392 1185 pag.
413 1105 487 1178 969,
514 1103 588 1176 973,
613 1101 689 1175 976,
710 1101 778 1165 9744
834 1101 911 1182 bru,
926 1102 976 1167 064
990 1105 1188 1167 Collectaneis
1208 1108 1555 1190 conprepaor'tmpsticaa

55 1202 259 1277 Qimestiones
274 1198 372 1263 Bedae
389 1200 418 1258 ln
433 1197 528 1259 Vetus
542 1201 574 1257 et
593 1195 713 1257 Novum
726 1198 781 1257 Te-
833 1197 950 1277 mapa,
970 1215 1064 1279 quom
1088 1197 1248 1261 4444004004
1278 1201 1495 1281 inperitiores,
1511 1218 1557 1267 ea

55 1301 246 1357 elementum
270 1294 349 1354 mitti
374 1291 430 1353 sibi
447 1290 569 1370 petebat
587 1292 690 1369 Lupus
709 1292 781 1351 Fer·
829 1289 1053 1370 0406044άωί4
1063 1292 1216 1355 Ecclesiae
1223 1295 1384 1356 Doctorum
1394 1298 1553 1375 inmun,

58 1391 204 1451 mrieusis
219 1388 314 1466 Epist
333 1386 381 1449 69.
417 1430 420 1435 -
492 1436 496 1443 .
834 1383 980 1465 dicisque
993 1384 1062 1446 ltine
1078 1385 1146 1448 iude
1162 1385 1414 1469 interruptim,et
1427 1389 1556 1472 intepe-

98 1479 360 1545 cinerariorum
377 1476 590 1556 Qrmesa'onum
605 1476 660 1541 XV
670 1494 698 1557 p.
710 1477 778 1538 986.
834 1478 919 1541 latim
941 1476 1079 1541 0044664440
1087 1525 1097 1557 ,
1113 1480 1262 1544 mantellis
1285 1483 1375 1544 044004
1389 1482 1426 1545 de
1439 1501 1495 1544 suo
1510 1483 1556 1544 in

99 1577 144 1637 De
160 1574 352 1637 Psalmorurn
371 1570 618 1650 libroeaeepetir,
634 1587 700 1650 pag.
721 1569 780 1632 997
833 1572 925 1636 cartu
950 1573 992 1634 ad
1017 1573 1209 1635 imitationem
1230 1592 1338 1637 seruus
1363 1594 1485 1655 conen,
1502 1576 1559 1639 udi

57 1669 98 1735 ad
111 1671 172 1731 896
187 1669 239 1731 ubi
256 1670 347 1729 etiam
363 1667 477 1728 mentio
498 1665 606 1727 Psalmi
623 1665 780 1729 centesimi
834 1671 1031 1746 oppmtunum
1045 1665 1121 1748 fuit,
1142 1685 1200 1749 pue
1215 1667 1331 1731 duest
1349 1672 1478 1731 Patriam
1491 1688 1557 1733 ser-

57 1764 301 1845 quinquagesimi
323 1762 424 1841 primi,
451 1765 542 1839 atque
565 1763 781 1819 enumerantur
834 1776 1006 1838 moner,ac
1018 1761 1138 1842 periodi
1151 1761 1557 1842 velaptiucinterrecolrae·

56 1858 258 1938 diapsalmata
274 1856 409 1919 LXXlX.
835 1861 954 1932 rerent,
970 1855 1020 1917 vel
1034 1853 1187 1917 breuiores
1202 1861 1232 1916 et
1249 1855 1429 1920 illustriores
1452 1858 1558 1921 redde·

98 1947 312 2031 Interpretotio
321 1964 428 2011 0004444
437 1944 595 2007 rariorum
606 1943 779 2022 inl'solmis,
835 1953 951 2011 renen.
972 1949 1030 2024 st,
1047 1965 1084 2009 ne
1111 1949 1263 2028 majorum
1285 1948 1366 2011 dicta
1385 1949 1509 2032 furori,
1528 1958 1559 2014 et

57 2045 172 2127 quibus
182 2047 385 2130 iustrumenta
394 2043 507 2103 Musica
517 2040 566 2101 vel
580 2040 781 2119 aliaespecies
836 2059 891 2119 eo,
908 2041 1000 2122 quasi
1015 2058 1074 2102 tun
1090 2041 1237 2123 propria,
1252 2059 1426 2121 conponere
1440 2044 1558 2107 nidere-

57 2139 230 2219 singulares
245 2137 435 2199 denotantur.
454 2150 519 2213 pag.
534 2134 603 2193 899.
836 2140 907 2210 tur,
919 2135 1041 2196 nonita
1056 2138 1216 2196 Doctorum
1224 2152 1284 2216 per
1295 2135 1417 2215 einpula
1429 2137 1558 2220 interpo-

98 2230 261 2307 Nominum
275 2225 700 2307 Hebraeorumiuterprelatra
716 2243 780 2305 pag.
835 2246 908 2291 nere
932 2229 1124 2307 demoveat,
1141 2235 1187 2306 et,
1210 2228 1284 2310 044444
1299 2247 1321 2288 a
1343 2246 1401 2310 prro
1424 2229 1557 2294 Arrtlm

58 2326 130 2390 994.
836 2322 948 2385 dictum
973 2329 1068 2399 esset,
1093 2322 1268 2384 nominatim
1293 2323 1462 2385 ostendam:
1483 2326 1555 2402 sed,

98 2423 207 2484 8644400
221 2419 252 2481 in
265 2414 376 2480 Proici.
393 2417 477 2491 till,
490 2417 521 2475 5.
536 2415 637 2477 DEUS
652 2413 690 2476 de
701 2414 784 2477 coelo
838 2433 906 2478 curn
922 2416 1054 2478 cinomia
1069 2433 1227 2496 operosum
1245 2421 1423 2497 appareret,
1436 2418 1558 2497 prinae

60 2517 231 2598 prospexit,
245 2529 311 2593 pag.
328 2512 396 2572 964.
410 2509 556 2588 Ejusdem
569 2511 699 2571 auctoris
713 2526 784 2571 cum
839 2515 954 2572 40444044
968 2511 1120 2572 nominum
1138 2509 1320 2591 syllabarii
1338 2510 1558 2591 marpirrr’lruse

58 2611 135 2673 libro
149 2609 187 2670 dc
204 2607 393 2677 substantiis,
410 2611 482 2664 tom.
499 2603 537 2663 ll.
837 2603 956 2682 reptare
971 2604 1116 2685 cujusque
1130 2603 1292 2666 4604604400
1306 2604 1461 2686 apparuit:
1478 2622 1558 2685 puae

100 2704 139 2764 ln
155 2698 268 2763 semu
281 2696 499 2759 tinumoess.
513 2693 670 2773 Trinitate,
680 2713 709 2774 p.
724 2696 783 2757 996
832 2702 940 2776 postea
956 2696 1153 2759 librariorum
1167 2697 1216 2760 acl
1242 2697 1363 2759 inscitia
1376 2714 1391 2774 ,‘
1401 2696 1451 2761 uel
1473 2698 1558 2760 circu
1587 2728 1590 2733 ·

60 2797 160 2860 Bedae
176 2795 366 2874 suppositum
387 2806 456 2852 esse
481 2806 541 2849 non
567 2788 706 2850 dubitant
725 2788 782 2847 viri
835 2790 906 2868 ria,
922 2790 1115 2854 enormibus
1133 2790 1360 2872 ememplaribur
1372 2794 1502 2872 periere.
1519 2795 1557 2855 ln

59 2890 155 2959 docti,
171 2891 237 2949 sive
252 2892 357 2948 auctor
372 2886 412 2945 sit
431 2881 630 2945 Eadmundus
646 2881 781 2943 Albanus
835 2886 1082 2961 Commentariis,
1098 2886 1342 2963 Quaestionibus,
1359 2893 1391 2947 et
1407 2884 1556 2966 Homiliis,

58 2985 127 3044 sive
140 2981 219 3043 alius
235 2981 319 3059 quie,
337 2983 370 3039 444
387 2978 418 3037 in
433 2975 507 3037 sini.
527 2976 639 3051 ,Latina
654 2974 707 3048 111,
730 2975 781 3049 15,
835 2979 869 3039 in
885 2977 995 3060 paitru
1010 2978 1197 3061 frequentius
1211 2985 1240 3039 et
1254 2996 1406 3054 0640440400,
1421 2985 1451 3040 et
1462 2996 1557 3042 sensu

58 3074 163 3154 &jam
172 3081 276 3135 44644440
293 3089 342 3133 md
356 3070 488 3131 memini.
500 3067 574 3130 Vide
585 3069 633 3128 W.
645 3067 680 3129 E.
692 3068 798 3145 'l'ittll-¹
837 3086 892 3132 sito
911 3072 1019 3149 utitur,
1036 3071 1147 3151 stylum
1162 3070 1252 3131 habet
1265 3088 1319 3131 nee
1332 3070 1449 3131 omnim
1467 3070 1557 3133 inele-

62 3164 176 3232 zelium
189 3167 227 3229 de
245 3164 381 3245 symbolo
397 3162 599 3222 athanasiana
615 3177 643 3238 p.
655 3161 704 3219 ,68
720 3174 765 3235 sq.
836 3170 973 3244 panum,
985 3182 1038 3225 nec
1048 3165 1205 3244 affectatae
1220 3164 1384 3243 elepantiae
1396 3164 1559 3240 curiosum,

107 3264 242 3327 Precatio
255 3258 292 3321 de
305 3262 416 3337 sepiem
425 3251 527 3317 verbis
538 3252 662 3317 CHt't'slt⁸
670 3252 702 3313 in
709 3252 786 3314 Crtt·
838 3258 893 3321 sed
904 3263 1099 3339 temperamur
1112 3279 1121 3318 ,·
1134 3259 1189 3339 qui
1206 3276 1259 3319 nec
1275 3256 1438 3320 verbenam
1460 3256 1562 3318 multi-

61 3377 112 3429 ce,
127 3376 157 3437 p.
175 3357 244 3418 964.
696 3400 699 3409 .
839 3352 1125 3436 tremefactam,
1142 3353 1403 3434 nepuepaucitate
1425 3350 1561 3415 obscuri⁴

102 3453 147 3512 De
161 3447 349 3511 meditatione
362 3443 517 3508 Passionis
535 3441 721 3523 Clirirtiper
741 3458 786 3503 se·
840 3453 929 3509 tatem
954 3448 1078 3529 pariat,
1101 3444 1155 3509 red
1173 3446 1260 3508 breui
1282 3446 1427 3528 [4404444046
1453 3451 1564 3508 currat

59 3551 145 3628 ptem
161 3542 461 3621 nestorianitas.
687 3606 690 3613 ,
837 3543 1018 3622 pretiosiore.

101 3641 148 3700 De
163 3635 305 3699 remedia
326 3639 532 3716 peccatorum,
552 3639 728 3712 excerptum
747 3630 785 3691 de
880 3637 963 3698 ldem
984 3639 1089 3698 Sixtcs
1109 3655 1147 3698 64
1168 3635 1323 3698 Trithemii
1339 3653 1366 3696 c.
1378 3636 1447 3697 ate.
1465 3635 1563 3696 Bodas

61 3734 237 3799 canonibus
253 3733 375 3791 Petrum
391 3729 441 3791 vel
462 3726 725 3789 Pocuitentialibus
748 3724 785 3786 ad
839 3733 1087 3792 commentarium
1097 3728 1563 3801 40140646044444600044444464440404,

62 3827 232 3892 remedium
256 3826 424 3887 animarum
445 3822 562 3882 Domini
588 3816 714 3898 Apberti
731 3815 787 3878 Ar·
840 3832 872 3886 eo
888 3822 981 3885 libror
991 3825 1091 3885 XVIII
1104 3823 1136 3883 in
1149 3821 1314 3904 Prophetas
1326 3823 1458 3904 majores
1471 3821 1564 3881 mina

61 3921 245 4002 clriepiscopi
262 3936 327 4001 pag.
346 3916 493 3977 964-968.
510 3915 619 3975 Exstat
635 3912 788 3973 011me
840 3934 958 3997 resque.
976 3920 1019 3979 Do
1041 3918 1108 3979 aliis
1125 3916 1245 3977 ineditis
1262 3932 1296 3976 ac
1320 3915 1483 3994 deperditis
1496 3918 1563 3992 ejus

64 4015 215 4080 nitentiali
224 4012 357 4077 Romano
373 4013 438 4072 sive
455 4006 789 4086 canonibuspoeniten·
841 4013 1000 4091 scriptoris
1014 4010 1220 4072 consulendus
1235 4008 1366 4069 navens,
1388 4008 1564 4086 catalogum

64 4112 190 4175 tialibus
205 4107 320 4175 editum
338 4103 524 4177 0444040440
544 4100 712 4179 Augustino
732 4099 790 4161 Ve-
843 4104 994 4185 Operum,
1012 4120 1103 4182 quem
1130 4105 1193 4182 ipse
1213 4101 1251 4162 ed
1277 4101 1391 4162 calcem
1417 4101 1564 4162 Historiae

66 4213 128 4268 net.
148 4202 242 4278 last,
258 4203 274 4262 l
291 4217 358 4280 pag.
373 4198 432 4261 ltili
449 4203 480 4257 ct
496 4198 527 4257 in
542 4196 674 4258 Henrici.
688 4194 792 4274 Speel-
844 4199 942 4259 texuit
953 4196 1052 4274 Beda,
1071 4197 1163 4267 habet
1177 4197 1269 4258 etiam
1291 4194 1466 4275 sigebertus
1482 4209 1508 4252 c.
1526 4193 1566 4252 68

68 4299 173 4362 manni
191 4295 333 4359 Conciliis
360 4290 485 4370 Angliae
501 4308 567 4369 pag.
599 4291 653 4351 984
674 4289 726 4367 qui
746 4294 790 4349 te·
843 4293 882 4355 de
898 4293 929 4355 S.
945 4293 998 4354 E.-

64 4400 166 4457 statur
183 4393 213 4450 in
230 4388 289 4450 MS.
304 4387 407 4449 reierri
425 4385 462 4445 ad
483 4381 647 4463 Aptertum
671 4384 790 4463 ipsum,
974 4388 1023 4448 ·1n
1040 4383 1137 4447 Tomis
1155 4383 1287 4464 Operum
1299 4381 1419 4444 BEDAE
1541 4402 1544 4407 ·

64 4493 133 4553 sive
160 4483 323 4566 prerarrn
352 4481 616 4558 archiepiscopum
646 4483 791 4552 tanquam
1090 4477 1323 4540 44εεὶ44640040οε

65 4590 232 4647 auctorem.
883 4571 1456 4657 Epistoluadrlioinunr,dequasuprs.

107 4673 387 4742 Nouomittendum
399 4715 406 4746 4
418 4667 497 4750 quod
509 4667 547 4728 us
559 4672 688 4745 quatuor
701 4679 792 4743 gene
884 4669 972 4731 sain
989 4666 1129 4730 4404440
1149 4670 1277 4730 neraei
1294 4684 1363 4727 cum
1381 4665 1478 4723 nocis:
1496 4660 1568 4742 spi·-

69 4774 157 4837 ribus
182 4767 471 4832 Commentariorum
496 4760 594 4823 Bedat
610 4761 640 4820 in
664 4758 694 4819 S·
712 4757 792 4818 Scri·
845 4761 921 4825 44040
936 4760 1124 4842 Apolopetiea
1137 4777 1190 4839 pro
1205 4760 1278 4821 libro
1294 4760 1332 4819 de
1348 4775 1404 4818 sex
1418 4757 1567 4818 aetatibus

68 4875 191 4950 pturam
204 4864 319 4925 notavit
329 4863 435 4923 Sirius
442 4858 585 4925 Senensis
599 4856 673 4917 libro
684 4856 790 4932 quarto
844 4855 887 4918 ad
896 4855 1078 4936 Plepurinam
1089 4854 1275 4928 Monachum,
1285 4852 1432 4913 adversus
1443 4850 1567 4912 alterius

69 4962 145 5026 Bibl.
172 4963 294 5021 sanctae
315 4972 382 5034 pag.
399 4954 466 5014 965.
492 4951 577 5012 Anno
592 4947 701 5010 0040444
717 4962 792 5008 tuac
843 4950 978 5015 Monachi
994 4946 1120 5009 Doridis
1134 4946 1324 5025 objectiones

71 5053 243 5138 4449004040,
253 5048 414 5135 0400604640
428 5048 570 5110 otranno
585 5042 729 5125 Epr'reopo
742 5057 792 5100 cr-
886 5055 914 5122 4)
929 5059 992 5109 ocu
1006 5054 1179 5109 amnicorum
1194 5050 1306 5108 uitta
1318 5051 1462 5119 panau.
1503 5110 1506 5115 ,
