3458 5332
207 416 322 490 84844,
341 418 405 477 04νο
418 414 536 490 844444,
551 412 773 489 benedictinus,
787 410 887 473 Abbas
940 411 1092 473 vertacum
1122 410 1279 492 Episcopi,
1311 419 1364 475 ant
1390 412 1664 502 Archi-Episcopi.)

167 508 324 570 4444404040
339 508 508 569 llonasterii
521 508 551 567 S.
569 505 732 566 salvatoris
747 505 786 566 ab
798 504 886 566 Anno
940 504 1101 566 Caeterum
1120 506 1219 566 omnia
1231 505 1282 567 illa
1295 508 1405 586 scripta
1424 512 1616 589 reperiuntur
1633 518 1665 579 in

165 603 199 663 C.
230 599 427 661 86844844
455 616 515 678 quo
540 598 703 659 defunctus
730 597 885 659 8444444444
938 595 1061 658 84444044
1080 594 1173 674 huius
1183 594 1364 676 4444044604,
1386 600 1451 662 sive
1467 601 1605 685 Historiis
1623 606 1664 669 de

165 696 300 755 llaurum
329 708 535 754 successorem
556 692 668 753 habuit.
690 691 833 769 Scripsit,
854 697 885 750 et
936 688 1029 769 900444
1047 688 1236 767 8444044000,
1251 691 1289 752 ab
1304 690 1437 755 adventu
1457 696 1542 758 Bruti
1563 716 1666 779 usque

166 787 276 866 Virgini
305 786 485 865 Augildruth
514 785 640 863 dicavit,
665 783 884 863 fratribusque,
938 782 976 862 ad
986 780 1021 845 Α.
1034 783 1069 845 G.
1085 784 1162 847 4449
1177 785 1260 847 libris
1275 786 1326 847 IX.
1334 789 1575 865 quameGodice
1584 793 1667 855 ’4440-

165 886 243 941 teste
259 878 405 953 Candido,
422 879 459 940 ad
477 894 612 939 mensam
631 879 748 939 40044444
765 894 885 957 praece·
938 892 1006 939 mae
1026 877 1210 941 hawlinsoni
1242 876 1388 959 dnnigeri
1417 881 1510 942 edidit
1532 884 1667 948 Thomas

164 975 208 1053 pit
225 971 321 1036 Vitam
341 975 388 1035 sui
408 991 462 1052 per
481 974 537 1033 XX
559 988 655 1034 annos
683 973 883 1050 praeceptoris
937 971 1061 1033 4404440.
1078 973 1173 1034 Onon.
1185 970 1273 1050 4746,
1290 973 1318 1032 8.
1334 972 1407 1034 Vide
1427 972 1501 1036 heta
1522 976 1665 1058 444444440-

162 1066 299 1143 Sturmii,
328 1067 394 1127 sive
407 1064 600 1143 8404440044,
613 1067 700 1144 primi
713 1063 838 1126 Abbatis
851 1072 883 1126 04
937 1080 1004 1126 rum
1027 1063 1105 1126 4747
1118 1082 1147 1144 p.
1163 1065 1231 1125 388.

163 1161 341 1222 Fundaloris
367 1160 525 1223 4444044040
547 1159 691 1236 coenobii,
722 1159 774 1237 qul
794 1158 882 1220 hnno
975 1157 1197 1233 AELFREDUS,
1211 1155 1572 1241 difredut,Alphredus,
1587 1163 1665 1227 804-

161 1252 221 1314 789
242 1260 321 1313 40040
342 1253 509 1332 sigeberto,
530 1259 579 1316 est
598 1252 768 1315 deiunctus.
793 1250 881 1331 hpud
933 1248 1056 1332 4404404,
1091 1249 1240 1314 4440404404
1266 1254 1407 1332 Magnus,
1440 1253 1663 1338 AEthelwolphi

161 1345 286 1409 Srtrtitm
301 1346 339 1407 ad
356 1346 394 1409 47
414 1346 569 1409 8000444444.
589 1345 667 1407 hanc
685 1349 780 1408 vitam
797 1363 881 1425 repe
934 1344 1168 1407 occidentalium
1190 1347 1342 1408 Saxonum
1369 1348 1458 1426 Regis
1477 1356 1607 1426 quatuor
1627 1351 1665 1413 ii·

161 1441 211 1501 riri
221 1441 324 1501 scribit
334 1442 464 1503 caveus:
476 1439 529 1501 sed
540 1441 691 1501 incassum
703 1439 881 1521 4444440040-
936 1439 1041 1501 liorum
1052 1446 1125 1502 natu
1135 1440 1293 1516 minimus,
1307 1440 1370 1519 ipse
1381 1439 1419 1500 ab
1428 1439 1463 1501 A.
1474 1441 1508 1503 C.
1521 1442 1575 1505 874
1591 1452 1664 1523 post

159 1534 280 1610 siveris,
300 1535 358 1595 nisi
379 1535 410 1593 44
429 1539 581 1613 postrema
601 1534 779 1595 Sanctorum
800 1535 879 1595 Surii
934 1539 997 1593 tres
1011 1531 1371 1610 hatresdeiunctosllex,
1384 1539 1416 1594 et
1429 1532 1486 1597 An.
1499 1536 1664 1599 8984404-

158 1624 287 1687 editione
296 1626 467 1706 lloguntina
477 1622 665 1687 4444648.-
671 1626 878 1687 444444400448.
934 1625 1011 1687 44404
1023 1623 1199 1688 Academiae
1205 1628 1398 1702 oxoniensis,
1413 1628 1430 1664 ³*
1443 1630 1556 1690 virtute
1566 1637 1662 1710 atque

158 1719 370 1799 ilambergensi
385 1717 479 1782 edidit
509 1716 740 1800 christophorus
758 1720 880 1782 Brome-
932 1716 1099 1781 eruditione
1112 1718 1311 1796 admirabilis,
1325 1719 1405 1780 diem
1418 1722 1489 1783 obiit
1509 1721 1566 1784 dn.
1589 1725 1659 1786 966.

156 1828 214 1874 rur
230 1813 308 1874 inter
324 1811 421 1874 sidera
431 1812 593 1874 illustrium
602 1818 634 1873 et
646 1819 818 1874 sanctorum
831 1814 879 1874 Vi·
932 1812 994 1875 lloc
1006 1810 1072 1873 loeo
1084 1827 1103 1873 4
1117 1829 1166 1873 me
1179 1829 1238 1874 non
1253 1819 1301 1874 est
1314 1815 1566 1894 praetereundus,
1587 1821 1661 1897 quia

158 1921 271 1983 rorum,
292 1907 460 1987 lioguntiae
481 1904 559 1968 4646
575 1907 603 1966 4.
616 1905 730 1968 Deinde
748 1907 877 1969 4000000
932 1905 1028 1967 multa
1040 1922 1079 1967 ex
1096 1906 1209 1967 Latinis
1224 1909 1316 1967 vertit
1338 1907 1483 1971 Saronico
1503 1910 1660 1972 8004404444

156 1996 348 2062 4404440040
364 2000 490 2063 8400440
509 2000 549 2061 lv
564 1999 746 2062 Benedictio.
757 2002 844 2062 Parte
854 2002 876 2075 l,
931 1997 1184 2060 dsConsolntione
1195 1998 1409 2080 Philosophiae,
1418 2000 1533 2063 editum
1544 2019 1562 2065 4
1572 2004 1661 2066 Chri-

156 2107 222 2172 peg.
238 2092 298 2154 466
307 2094 360 2174 qui
376 2111 443 2175 pag.
453 2094 523 2157 444.
535 2091 876 2173 AEgilisquoquovitam
930 2091 1071 2172 stophoro
1087 2091 1274 2167 ltawiinson,
1288 2093 1384 2155 04404.
1400 2095 1488 2173 4698,
1509 2097 1535 2157 i.
1557 2096 1659 2161 804400

154 2202 172 2245 a
190 2184 343 2266 44004440,
358 2187 501 2251 4404440440
524 2185 685 2264 44440404,
715 2186 876 2266 scriptam,
930 2184 1550 2266 44404044448004004004404444431404ηο44,
1561 2206 1656 2270 quam

154 2286 223 2356 post
235 2283 413 2344 Browerum
426 2279 576 2359 adjunxit,
590 2295 646 2340 nec
658 2295 718 2339 non
729 2296 796 2361 pag.
805 2280 873 2340 464).
930 2276 1065 2356 vulgavit
1078 2276 1266 2341 hbralramus
1286 2280 1465 2357 Whelocus,
1481 2282 1655 2364 cantabrig.

154 2369 366 2453 Epitaphium,
381 2372 461 2453 quod
476 2371 565 2452 AEgili
575 2370 708 2434 condidit
718 2388 876 2434 successor
930 2371 1006 2431 4644
1021 2371 1069 2433 404.
1087 2377 1177 2450 atque
1190 2370 1299 2435 inedita
1312 2372 1410 2436 adhuc
1421 2373 1568 2453 04004404,
1580 2376 1658 2438 6νο

153 2460 309 2540 44040004,
324 2467 448 2527 obvium
468 2466 560 2527 ctiam
580 2465 658 2525 inter
676 2464 788 2526 8444444
807 2472 877 2544 404
926 2463 1008 2543 perii
1017 2465 1057 2527 Μ.
1074 2465 1237 2540 4440404440,
1248 2466 1285 2527 40
1301 2467 1410 2545 quibus
1426 2467 1495 2529 vide
1507 2468 1657 2547 caveum,

154 2561 266 2618 mataa
281 2560 424 2621 Browero
438 2558 561 2639 vulgata
576 2558 743 2638 lloguntiae
760 2558 838 2620 4647
855 2561 872 2620 4
928 2558 979 2637 qui
989 2559 1079 2619 etiam
1090 2557 1259 2619 Historiam
1269 2561 1380 2638 liepum
1394 2562 1654 2644 Wesesneomhe,

152 2654 272 2710 044044.
289 2651 308 2711 6
324 2652 457 2731 Operum
482 2651 595 2713 ltabani
607 2668 675 2732 pag.
691 2652 761 2714 449.
927 2649 965 2712 ab
984 2648 1105 2711 AElirico
1121 2653 1263 2731 scriptam
1279 2662 1493 2717 commemorat
1507 2657 1656 2720 Saronico

192 2740 423 2822 4448888448,
442 2745 550 2807 404444
570 2744 699 2807 Leiando
718 2762 783 2826 cap.
805 2744 872 2806 488.
927 2748 960 2803 04
975 2744 1086 2805 Latine.
1107 2746 1195 2807 Plura
1216 2745 1254 2806 de
1274 2745 1330 2806 hoc
1350 2745 1482 2809 AEliredo
1503 2750 1655 2813 Lelnndus

152 2832 301 2898 4440404444
315 2835 472 2919 lupeno,
486 2854 546 2918 quo
562 2844 654 2914 teste,
670 2840 804 2919 ltogerus
819 2841 874 2899 84-
926 2852 989 2917 cap.
1008 2840 1066 2900 445
1079 2840 1131 2917 qui
1145 2856 1194 2900 res
1209 2846 1309 2917 gestas
1326 2838 1392 2917 ejus
1408 2839 1446 2901 ab
1459 2839 1583 2904 Asseria
1591 2844 1655 2906 440

151 2944 221 3007 004,
237 2933 289 3009 qui
305 2930 363 2993 dn.
391 2931 718 3010 raitenbuchenses
744 2932 873 2995 utilitate
926 2931 1050 2991 nevensi
1072 2932 1205 2993 familiari
1225 2931 1291 3009 ejus
1310 2939 1448 2994 40044440
1469 2938 1652 3016 perscriptas

152 3022 332 3104 linguarum,
360 3026 442 3089 huno
471 3027 642 3089 numeravit
662 3028 740 3087 inter
760 3027 874 3106 lingua·
925 3028 1062 3084 testatur.
1084 3024 1126 3085 De
1147 3023 1267 3085 44000440
1284 3024 1339 3085 hoc
1355 3025 1431 3088 44440
1451 3042 1508 3087 040
1528 3029 1601 3090 4000.

152 3133 221 3179 rum
240 3118 400 3199 petitarum
426 3122 617 3201 interpretes,
634 3122 686 3200 qui
706 3120 822 3182 infinita
842 3122 870 3180 in
963 3116 1175 3189 AEtsalclls,
1189 3114 1337 3197 Elsrr'cus,
1352 3119 1417 3179 sive
1432 3116 1578 3208 44404000,
1590 3123 1649 3184 llo

151 3212 291 3275 Latinum
315 3220 546 3291 converterunt,
563 3221 598 3276 ut
617 3214 702 3277 tuere
720 3213 872 3275 Gerardus
924 3209 1109 3290 iobernicus,
1125 3212 1190 3272 sive
1204 3209 1651 3295 cantuarienriedrchiepisee

149 3306 378 3386 Cremonensis,
404 3309 527 3370 llichael
554 3309 695 3384 Scottus,
721 3306 872 3369 Alvredus
918 3319 993 3383 pite,
1008 3304 1170 3366 deiunctus
1183 3302 1239 3364 dn.
1262 3303 1339 3365 4666
1357 3303 1434 3364 male
1454 3305 1650 3369 contunditur

149 3398 312 3481 anglicus,
328 3405 519 3465 llermannus
535 3400 729 3464 Alamannus.
745 3401 870 3480 Scripsit
922 3412 941 3458 4
957 3397 1062 3460 multis
1076 3412 1146 3460 cnm
1161 3394 1293 3477 AElfrico
1307 3396 1517 3474 Grammatico,
1530 3398 1650 3461 Abbnte

150 3492 282 3556 libellum
299 3494 335 3556 de
348 3500 430 3557 motu
444 3495 556 3573 cordis,
573 3512 664 3574 quem
680 3493 756 3572 vidi,
771 3495 868 3572 inquit
920 3489 1190 3565 hlalmesburiensi,
1204 3490 1255 3567 qui
1274 3486 1524 3570 Archiepiseopus
1540 3491 1650 3555 deindo

149 3586 311 3664 lelandus,
325 3590 484 3668 aliquando
501 3590 624 3652 londini
642 3592 671 3651 in
687 3588 867 3651 Bibliotheca
919 3580 1132 3659 8604000004,
1152 3584 1323 3644 0044044440
1349 3585 1466 3662 propior
1486 3584 1559 3645 obiit
1588 3584 1647 3647 hn.

148 3680 421 3756 [dominicanorum.
438 3690 470 3746 04
490 3684 625 3747 Gvantne
645 3684 815 3745 Girvioram
836 3685 866 3743 in
921 3679 1006 3739 4944.
1027 3677 1071 3738 De
1088 3683 1214 3755 utroque
1233 3682 1372 3739 accurate
1392 3677 1539 3740 henricus
1560 3682 1650 3741 War-

147 3773 326 3838 Bihliotheca
337 3777 463 3840 Petrina,
476 3776 764 3840 Emretlturoverni
778 3779 868 3856 (Gan-
919 3769 1031 3832 thonus
1051 3771 1081 3830 in
1100 3768 1309 3831 dissertatione
1328 3768 1367 3830 40
1387 3769 1506 3832 duobus
1525 3773 1649 3835 Elhicis

147 3870 272 3947 tuariae)
289 3870 320 3931 in
340 3870 521 3934 bibliotheca
538 3873 596 3934 iani
615 3872 795 3948 Servatoris,
817 3871 868 3934 444-
919 3869 1001 3925 tomo
1013 3864 1036 3924 l·
1061 3861 1186 3943 anglino
1196 3862 1303 3924 Sacrae
1313 3878 1379 3941 pag.
1391 3862 1450 3923 444
1462 3880 1546 3944 seqq.
1565 3869 1649 3928 Bene

146 3961 231 4024 44044
241 3964 868 4047 444114044444444444004444440440-
918 3952 1649 4036 etlamdistinguendosvidoratUsseriusdosuc·

145 4063 228 4118 40404
252 4056 421 4121 Aristotelis
446 4060 629 4139 Vegetabilia
656 4060 713 4139 (de
732 4058 865 4140 phuth)
917 4050 1053 4111 cessione
1074 4049 1278 4113 Ecclesiarum
1300 4066 1365 4128 pag.
1397 4048 1443 4110 68.
1465 4050 1649 4113 Grammati-

144 4149 241 4212 oocrn
258 4152 419 4214 illustravit
432 4155 665 4216 commentariis.
918 4158 988 4203 cum
1008 4146 1160 4203 auctorem
1181 4140 1271 4201 omer
1300 4140 1504 4203 mammaeae
1525 4144 1646 4204 40400

186 4242 416 4323 meminus,
438 4245 621 4327 Alpium,
641 4244 791 4309 Almam
812 4248 866 4308 444
917 4231 1085 4309 80000400,
1099 4248 1190 4311 quam
1210 4249 1281 4293 cum
1302 4233 1442 4311 glossario
1462 4233 1530 4312 eJus
1550 4237 1646 4299 edidit

145 4337 342 4415 vorlarensis,
358 4337 512 4419 (Beverhp
528 4356 587 4399 non
604 4339 690 4417 longe
706 4339 744 4400 nh
755 4339 866 4401 libora-
917 4326 995 4389 Gvii.
1017 4328 1180 4389 Somnerue
1199 4323 1371 4402 adjunctam
1388 4327 1566 4389 bictionario
1587 4347 1645 4392 sun

143 4430 193 4504 00)
225 4429 370 4493 Sacerdos
399 4439 430 4493 et
455 4432 683 4505 Thesaurarius,
711 4448 729 4493 a
759 4434 865 4509 Baton,
919 4420 1064 4483 Saxonitlo
1091 4419 1193 4478 Latino
1214 4416 1345 4496 Anglico.
1367 4419 1461 4479 Oxon.
1484 4423 1562 4483 4659
1593 4424 1642 4485 404.

144 4520 241 4581 pitseo
255 4530 286 4584 pp
298 4523 540 4587 Vosspotmdnur
552 4525 723 4601 scripsisse:
735 4524 868 4605 [tepora.
918 4514 1038 4575 Praeter
1064 4512 1221 4574 Sermones
1241 4511 1387 4590 quosdam
1407 4528 1509 4573 sacros
1538 4519 1643 4577 Latine

144 4610 234 4673 4404400
255 4614 389 4696 (letfridi
407 4614 492 4678 8444
515 4617 545 4677 V.
567 4615 610 4677 80
631 4618 725 4695 pesth
753 4622 865 4700 nepum
919 4607 1057 4687 scriptos,
1077 4606 1205 4685 plurima
1226 4602 1304 4664 idem
1326 4604 1467 4665 4844440υο
1485 4624 1524 4668 rx
1548 4610 1642 4671 latino

142 4703 317 4769 Britannice
331 4708 380 4772 tib.
395 4712 419 4772 1.
434 4709 599 4773 4484044004
618 4709 793 4791 ampliorem
814 4713 861 4775 tib.

144 4797 166 4856 1,
181 4803 211 4858 ep
228 4799 322 4861 paam
338 4806 369 4866 S·
384 4802 529 4866 popam-3
548 4801 788 4883 Bwpaoem,
810 4809 865 4871 Ar„
957 4788 1181 4839 ’4440444044
1200 4790 1291 4837 lllstor.
1311 4784 1644 4854 4044044.04440.4044.1,

912 4878 969 4931 pap.
987 4863 1032 4912 444
1049 4876 1106 4927 sqq.
1123 4864 1179 4913 448.
1197 4865 1316 4912 brianum
1337 4865 1457 4923 tu'voum
1475 4866 1501 4914 ln
1519 4868 1644 4929 Apologia

143 4889 320 4997 ‘'hippisfflpi
342 4898 531 5003 (nentiquam
562 4897 807 4975 Bevfflmfflffls‘
829 4910 862 4963 υἷ’
911 4940 1074 5000 antiquitatis
1086 4941 1165 4988 oron.
1179 4938 1300 4988 44044444
1312 4937 1398 4999 calum
1416 4939 1441 4985 ln
1459 4938 1583 4993 l'lndicils
1597 4955 1644 4993 au-

144 4985 241 5046 00444444
266 4989 407 5067 Vossius,
423 5008 578 5071 nunquam
599 4992 679 5055 enim
701 4992 788 5056 00400
809 4998 863 5058 80-
914 5013 1041 5075 riquinus
1060 5014 1207 5064 ,40440440
1226 5014 1361 5063 orontem.
1378 5016 1426 5061 040.
