3458 5332
183 337 245 399 lou

118 458 122 463 '
218 445 338 504 llatloni
361 444 478 504 Comiti.
503 442 550 503 40.

216 537 431 617 hermengardi
454 537 639 616 imperatrici
661 535 826 613 Augustae.
854 537 902 608 00.

218 635 297 693 110441
320 631 561 710 Archiepiseopo.
589 633 633 690 40.

109 787 112 795 ,
221 723 473 806 Hludouicilmp.
496 727 554 802 49,
576 727 635 800 00,
656 725 707 786 04.
728 722 903 784 chmcri-

179 824 275 878 tonos.
297 819 345 878 39.

217 911 484 973 44400000000041
507 910 670 987 (Fuldrusi)
696 911 741 970 47.

219 1008 409 1067 lliruotberto
430 1007 548 1067 Comici.
572 1009 633 1081 ll..

220 1097 389 1161 Humberto
409 1106 440 1159 et
461 1100 596 1177 Egilclio.
620 1101 647 1158 0.

169 1206 175 1218 ·
216 1194 327 1253 400000
348 1193 506 1272 Episcopo.
529 1196 557 1253 ὅ.

217 1286 263 1347 hd
277 1286 451 1348 Lotharium
460 1284 904 1364 imperatoremadmonitiost.

219 1379 383 1441 Luithardo
404 1381 586 1458 Presbytero
607 1387 638 1440 et
658 1380 837 1440 Eremberto
859 1379 917 1437 l⁷i-'

177 1473 342 1535 cedomino.
372 1476 419 1536 40.
843 1506 847 1511 ·

218 1569 299 1648 Lupo
333 1567 546 1640 Ferraricusi,
580 1566 744 1645 Eginhurdi
771 1564 905 1644 Epistola

179 1666 303 1724 tertium
322 1662 422 1723 locum
434 1669 561 1741 occupat
575 1664 654 1723 inter
664 1661 817 1739 Epistolas
833 1662 906 1739 Lupi

179 1775 195 1815 0
215 1757 335 1817 Baluzio
354 1756 529 1831 illustratas,
551 1762 587 1817 ut
605 1758 680 1833 Lupi
702 1755 739 1817 od
761 1756 909 1834 004041οτ-

181 1849 280 1926 dum,
312 1867 406 1927 quem
439 1858 664 1929 praeceptorem
698 1865 767 1909 surn
795 1856 908 1924 vocat,

178 1949 254 2002 sunt
275 1945 393 2022 prima,
416 1942 571 2018 secunda,
592 1949 712 2022 quarta,
730 1944 906 2019 quintaque.

219 2038 360 2114 Magistro
380 2043 412 2096 et
433 2040 593 2117 praecipuo
614 2037 795 2116 cappellano
824 2033 909 2094 dorn-

55 2173 57 2176 >
176 2148 238 2192 nac
258 2133 470 2210 imperatricis.
492 2134 540 2192 00.
887 2172 888 2176 =

221 2224 395 2287 hiarchrado
416 2225 619 2285 l'icedomino.
644 2225 691 2284 l8.
718 2225 806 2284 Hunc
834 2228 889 2300 put

180 2320 422 2392 blareuardum,
440 2321 529 2396 cujus
551 2319 664 2379 mentio
687 2319 716 2377 10
738 2318 813 2395 Lupi
835 2317 906 2395 Epi-

182 2414 261 2475 stola
283 2415 401 2491 quinta.

217 2509 318 2567 hlissis
334 2507 527 2584 Imperatoris
547 2507 677 2580 Comiti,
698 2505 805 2567 ludici.
836 2505 883 2564 33.

199 2600 561 2675 ·14“.04,30,86,38,
591 2600 647 2671 li,
677 2600 734 2671 48,
761 2598 820 2672 50,
842 2599 903 2671 sl,

179 2694 238 2770 53,
257 2695 294 2754 440
311 2737 318 2768 ,
337 2694 395 2768 50,
424 2695 471 2754 08.
504 2693 678 2753 venerabili.
708 2693 757 2752 05.
784 2691 903 2752 Comiti.

179 2785 236 2861 07,
248 2787 306 2861 08,
325 2788 363 2847 50
375 2832 382 2862 ,
394 2787 442 2848 57.
461 2789 574 2848 summi
592 2787 656 2847 001
672 2785 837 2847 Sacerdoti.
854 2787 902 2846 09.

179 2879 297 2942 Abbati.
316 2882 377 2950 35,
400 2881 459 2954 40,
477 2881 525 2941 54.
544 2879 748 2940 vicedomino.
767 2878 815 2940 37.
833 2880 904 2958 Epi-

178 2988 277 3054 scopo.
297 2975 343 3035 l3.
360 2976 514 3053 Optimati.
534 2975 580 3036 49.
600 2974 779 3050 Presbytero
796 2980 828 3034 et
855 2975 903 3034 Vi·

178 3068 346 3130 oedomino.
363 3071 412 3131 50.

219 3164 251 3223 0.
273 3164 308 3224 G.
330 3165 363 3224 41.
386 3163 421 3224 0.
443 3164 603 3242 Episcopo.
624 3163 654 3224 8.

218 3258 342 3336 otgario
359 3258 602 3336 archiepiscopo.
621 3257 648 3315 4.

219 3355 352 3432 Popponi
374 3354 493 3414 Comitl.
510 3354 550 3425 7,
574 3351 620 3410 l3.

218 3446 252 3506 Ε.
270 3447 305 3506 E.
327 3446 358 3506 S.
381 3446 411 3505 S.
436 3443 484 3505 lt.

220 3540 309 3598 14114,
332 3541 379 3599 60.

218 3630 421 3691 l'icedomino.
444 3631 483 3692 03
505 3629 574 3691 vide
594 3628 783 3692 Eremberto.

218 3724 343 3784 Vussin.
365 3724 413 3783 30.

188 3817 499 3878 'Nwmstffl.
869 3890 872 3896 1

204 3909 344 3972 ’4140400
365 3911 525 3991 hucusque
535 3910 685 3991 prodidit,
706 3912 777 3990 quid
800 3913 904 3973 rei·sit

177 4006 298 4069 libellus
318 4005 483 4085 Eginhardi
504 4004 542 4066 de
564 4006 689 4084 psalmis
709 4007 761 4083 001
778 4005 903 4084 legitur

177 4104 206 4162 in
234 4100 374 4178 Catalogo
395 4102 605 4160 vetustissimo
626 4098 828 4159 Bibliothecae
849 4102 902 4160 Bo-

175 4197 290 4257 biensis
318 4195 442 4273 vulgato
462 4210 478 4254 a
499 4194 660 4255 hluratorio
691 4192 793 4270 00440.
825 4191 901 4253 bled.

174 4286 250 4350 heri
270 4292 291 4346 t.
315 4288 333 4345 3
354 4303 420 4364 pag.
437 4288 495 4349 800
511 4287 559 4346 his
574 4288 695 4348 verbis:
712 4283 830 4346 libellus
850 4285 903 4344 Ei-

174 4380 269 4442 nurdi
287 4379 324 4440 ds
346 4378 486 4441 Psalmis.
504 4380 538 4440 ln
553 4379 732 4440 bibliotheca
754 4380 900 4440 Caesarea

174 4475 237 4536 vidi
257 4491 312 4555 ego
344 4475 477 4535 libellum
510 4474 695 4553 psalmorum
727 4470 900 4532 (10004040-

176 4584 244 4629 sum
266 4585 282 4629 a
304 4569 408 4630 Gurolo
429 4571 466 4630 lli.
488 4569 567 4647 Rege
583 4565 625 4627 ad
658 4564 823 4626 Adrianum
845 4565 901 4624 Pa-

175 4678 244 4739 pam
267 4663 287 4719 1.
309 4664 356 4722 004
378 4666 541 4742 apparatus
562 4660 683 4740 quidum
707 4659 736 4717 40
759 4654 850 4718 libros
868 4658 897 4718 S.

175 4756 329 4831 Scriptura
346 4758 557 4833 praemittitur.
581 4752 767 4817 Praeceduul
798 4755 898 4814 omnia

176 4863 286 4908 versus
307 4865 389 4909 more
409 4849 554 4927 epistolae
574 4863 665 4927 quam
683 4844 896 4907 dedicatoriam

95 4972 127 5015 ι
175 4941 314 5001 dicimus.
346 4943 424 5002 Num
455 4941 531 5003 iorte
562 4943 636 5004 haec
657 4940 757 5001 omnia
777 4947 897 5016 practer
990 4973 1113 5036 mm„
1127 4976 1160 5025 d,
1176 4977 1333 5026 „mm
1351 4980 1416 5027 ,m
1434 4973 1446 5022 ¹
1465 4989 1491 5039 μ
1508 4976 1566 5027 m
1581 4990 1633 5041 W

175 5049 286 5094 versus
306 5033 345 5093 ab
365 5034 458 5095 altero
490 5036 596 5113 utique
623 5042 745 5098 auctore
767 5033 896 5096 dictatos

847 330 1058 395 ustinus

964 443 1093 503 0400400
1119 438 1281 501 tribuenda
1314 436 1419 500 sunt?
1438 436 1581 499 Viderint
1597 436 1680 500 docti.

967 556 969 560 ’
998 536 1140 598 EGlh'US
1172 533 1337 595 Monachus
1370 533 1497 611 scripsit
1532 530 1628 591 Vitem
1654 533 1681 594 S.

957 627 1103 691 Ansooirri
1115 679 1124 704 ,
1142 631 1222 688 eirca
1250 629 1373 688 Annum
1399 627 1471 688 840.
1500 627 1682 688 contessoris

957 731 989 784 et
1010 726 1152 803 Episcopi
1175 723 1403 785 camerinensis
1432 723 1464 780 in
1492 722 1595 782 Piceni
1624 721 1683 783 liu-

959 818 1102 896 briaeque
1124 817 1262 878 confiniis
1283 815 1320 875 ad
1342 817 1468 877 Petrum
1490 815 1683 895 Episcopum.

958 929 1037 990 0000
1058 911 1138 972 edita
1160 913 1259 970 00410
1289 908 1374 970 Actis
1392 910 1590 971 Sanctorum
1621 916 1683 970 tom.

960 1007 989 1068 2.
1013 1006 1183 1067 01001443.
1204 1021 1272 1084 pag.
1294 1003 1438 1066 300307.

1000 1098 1268 1160 0014014000οΜ
1291 1098 1475 1160 Chronicou.
1505 1099 1608 1172 lnirs,
1636 1097 1683 1159 40-

962 1193 1117 1254 lisuniis
1138 1192 1176 1253 de
1198 1191 1317 1270 Leydis.

1001 1285 1151 1346 40400000
1168 1284 1308 1366 Baptista
1330 1285 1528 1348 EGNthUS
1549 1287 1684 1364 gentilitio

963 1381 1084 1439 nomine
1098 1377 1250 1439 10000000
1264 1376 1300 1439 de
1313 1377 1439 1460 Cipslls's
1450 1383 1479 1456 a)
1491 1387 1587 1441 uatus
1599 1381 1685 1440 Vens

960 1474 1012 1532 tiis
1030 1473 1086 1533 00.
1106 1472 1184 1534 llis
1206 1472 1316 1534 deinde
1336 1472 1510 1553 discipulus
1536 1473 1684 1537 Pohtiaui.

961 1572 1054 1646 04000
1084 1570 1113 1627 10
1136 1570 1231 1645 petria
1254 1581 1414 1628 successor
1435 1568 1599 1640 Sabellici,
1622 1580 1683 1627 cum

962 1659 1005 1721 ibi
1019 1661 1214 1721 humaniores
1236 1660 1354 1722 litteras
1369 1679 1427 1742 per
1439 1678 1541 1723 annos
1553 1663 1615 1723 iere
1629 1663 1682 1731 XL,

963 1772 1072 1834 magna
1107 1755 1196 1816 leude.
1228 1756 1404 1832 docuisset,
1425 1757 1504 1816 obiit
1536 1755 1581 1817 00
1615 1757 1685 1816 4503

961 1851 1070 1909 aetatis
1081 1850 1130 1908 80.
1144 1848 1220 1926 Ejus
1237 1855 1349 1928 scripta
1370 1857 1497 1927 praeter
1513 1846 1606 1910 libros
1620 1848 1668 1907 141
1672 1894 1681 1919 ,

960 1941 997 2003 dr
1013 1941 1199 2005 Caesaribus
1213 1946 1242 2003 in
1261 1942 1367 2004 Carulo
1383 1943 1418 2002 V.
1435 1942 1618 2017 desinentes,
1632 1945 1680 2019 001

962 2054 1053 2115 saepe
1079 2036 1216 2117 prodiere
1251 2054 1321 2098 cum
1354 2038 1524 2111 Suetonio,
1546 2045 1684 2116 notasque

961 2131 994 2191 iu
1019 2131 1213 2207 Suetonium,
1238 2139 1270 2192 et
1297 2130 1329 2190 iu
1351 2131 1509 2193 Historiis
1537 2131 1685 2212 ,40000400

961 2226 1147 2305 scriptores,
1166 2225 1196 2285 is
1215 2223 1373 2298 Ouidium,
1393 2225 1425 2285 iu
1440 2224 1600 2288 Cicereius
1621 2223 1684 2304 Epi-

959 2317 1053 2381 stolcs
1070 2317 1113 2378 cd
1124 2317 1283 2393 diuersos,
1300 2317 1342 2379 cri
1352 2320 1511 2385 11000000
1537 2315 1626 2379 Urbis
1641 2314 1684 2378 ds

958 2412 1170 2492 emptionem,
1198 2419 1229 2472 et
1252 2411 1284 2471 in
1314 2410 1541 2487 Dioscorides»,
1567 2428 1681 2472 versum

949 2507 998 2571 ‚ab
1015 2507 1173 2584 Hermolao
1202 2506 1331 2566 Barbaro
1347 2552 1354 2577 ,
1372 2507 1436 2565 sint
1469 2506 1516 2566 De
1544 2503 1682 2583 exemplis

961 2602 1101 2663 luorum
1130 2597 1321 2674 illustrium,
1352 2599 1480 2659 Venetus
1502 2596 1682 2677 praesertim

961 2692 1123 2757 Civitatis:
1140 2692 1366 2754 Rocematioues
1386 2693 1416 2752 in
1447 2692 1513 2754 loca
1543 2694 1680 2754 bonorum

958 2788 1124 2850 ductorum
1138 2804 1155 2866 a
1173 2787 1303 2848 Grutero
1319 2789 1455 2847 insertae
1469 2793 1546 2848 tout.
1561 2791 1590 2849 l.
1605 2789 1680 2848 lam·

957 2881 1042 2962 podis
1063 2883 1174 2942 artium
1196 2897 1263 2959 pag.
1282 2879 1417 2942 348300
1438 2886 1471 2941 et
1485 2880 1628 2942 10000400
1639 2882 1679 2940 40

954 2975 1155 3037 coboGaddio
1166 2976 1204 3036 de
1214 2974 1413 3055 scriptoribus
1423 2990 1485 3035 nou
1497 2975 1681 3036 Ecclesiasti

956 3072 1002 3131 cis
1032 3077 1105 3131 tom.
1136 3073 1163 3132 4.
1186 3086 1250 3149 pag.
1280 3068 1362 3145 470,
1386 3084 1452 3146 seq.
1479 3067 1678 3148 Porrepyricur

954 3165 1128 3239 Franciscc,
1141 3166 1212 3243 Regi
1226 3165 1413 3230 Francorum
1427 3163 1458 3232 bl
1469 3163 1510 3224 ob
1529 3166 1676 3225 victoriam

955 3257 993 3319 de
1018 3259 1166 3320 Helvetiis
1191 3264 1331 3337 partam,
1364 3258 1503 3318 venetiis
1527 3258 1632 3330 4510,
1657 3257 1678 3316 4.

956 3350 1041 3411 04100
1058 3349 1215 3410 Orationes
1231 3349 1311 3410 LXX.
1330 3347 1437 3410 Oratio
1449 3348 1677 3411 00000οτ4000

956 3443 1001 3504 uc
1023 3443 1146 3522 Orr'pine
1168 3444 1348 3503 Tuscorum.
1367 3441 1524 3522 Epistolcs
1536 3444 1601 3507 XC.
1615 3443 1677 3504 l'ide

958 3538 1113 3599 Nicolaum
1136 3538 1326 3599 Gomneuum
1348 3537 1530 3617 Papadopoli
1556 3547 1630 3600 toro.
1653 3537 1678 3598 0.

959 3630 1121 3708 Gymnasii
1137 3632 1273 3692 Patavini
1292 3647 1358 3710 pag.
1380 3632 1460 3707 000,
1474 3648 1542 3711 seq.
1554 3634 1677 3695 liselium

958 3725 988 3783 in
1013 3724 1195 3785 Dictionario
1210 3730 1263 3799 ,et
1278 3724 1493 3787 Sebastianum
1516 3726 1676 3788 Corraduur

958 3819 991 3878 in
1009 3818 1200 3894 Quaestura,
1222 3819 1280 3880 sub
1302 3819 1366 3878 init.
1394 3819 1446 3882 ubi
1473 3822 1555 3881 inter
1582 3818 1677 3882 laudas

958 3911 1025 3989 ejus
1046 3915 1088 3972 ait
1104 3909 1213 3973 melius
1234 3928 1302 3973 cum
1333 3910 1456 3974 dixisse
1485 3932 1582 3995 000οι
1609 3912 1677 3976 scri·

952 4022 1067 4086 00000-
1679 4030 1684 4041 ·

998 4102 1028 4160 S.
1050 4098 1251 4174 EGWlh'llS,
1272 4100 1341 4160 'sisu
1360 4100 1574 4176 EUGElt'lliS,
1588 4105 1678 4165 14000·

954 4192 1034 4253 chus
1047 4192 1172 4253 Ordinis
1187 4191 1341 4253 Benedici.
1358 4199 1451 4272 atque
1468 4195 1541 4257 indo
1563 4195 1678 4259 ll’icrio

955 4303 1049 4363 rum,
1072 4289 1137 4348 sire
1161 4287 1366 4366 Vipcrnieusis
1382 4291 1412 4348 in
1430 4289 1541 4368 huglia
1562 4293 1677 4370 Episco-

955 4397 1031 4459 pust,
1053 4382 1174 4459 scripsit
1196 4384 1290 4442 vitam
1312 4383 1344 4444 S.
1369 4379 1516 4443 Altltelmi
1544 4402 1571 4457 e,
1602 4386 1676 4447 Shir-

954 4474 1117 4536 burnensis
1137 4476 1302 4555 Episcopi,
1323 4476 1459 4538 defuncti
1487 4479 1545 4540 00.
1567 4482 1626 4540 700
1649 4485 1676 4536 et

952 4566 1085 4629 oliorum
1098 4571 1300 4647 sommum,
1319 4587 1375 4632 uec
1393 4586 1453 4631 uon
1465 4569 1504 4632 ds
1521 4573 1637 4655 oripise
1652 4577 1676 4633 sl

953 4662 1117 4725 104440410ιο
1136 4663 1282 4727 Comobii
1295 4665 1348 4727 sui
1362 4665 1675 4740 dorubernenses

992 4823 1019 4895 0)
1033 4822 1190 4875 colonoslus
1205 4822 1238 4874 sd
1255 4823 1392 4887 timidum
1400 4834 1461 4887 m.
1470 4823 1531 4876 2⁸2
1543 4832 1572 4879 ct
1580 4826 1613 4876 sd
1624 4830 1680 4877 scs·

945 4899 1058 4959 14000000
1074 4911 1130 4962 000.
1147 4896 1204 4949 058.

992 5051 1017 5109 c)
1035 5055 1070 5100 00
1086 5051 1136 5100 hoc
1152 5052 1317 5101 0414404140
1340 5064 1420 5116 supet
1439 5056 1503 5106 tom
1527 5053 1541 5104 4
1556 5066 1584 5118 p.
1602 5052 1652 5103 410.
