3458 5332
163 424 332 496 horisono
346 429 433 492 heis
449 427 585 492 scholare
605 428 639 490 1).
657 425 749 489 nouo
765 429 888 489 inuret
940 427 1171 504 Gosnerum'·,et
1186 427 1216 488 in
1231 424 1389 507 Epitaphio
1401 421 1482 504 apud
1498 424 1670 488 hommum

160 520 223 580 tino
240 523 367 583 Lunensi
383 522 490 602 prodiit
500 521 581 601 apud
592 523 758 595 Nozannm,
772 522 888 581 Lucen-
941 521 1118 583 Buricnsem
1128 527 1160 582 et
1170 520 1295 582 Baleum
1308 519 1349 580 444
1366 518 1414 579 86.
1429 517 1671 601 honoremur·

160 613 452 690 sisagricasteiinm,
467 616 498 674 in
511 613 683 676 suburbano
692 615 806 676 clariss.
818 614 885 674 icti
939 611 1127 688 ttordiensis,
1150 614 1179 672 in
1205 612 1353 675 coenobio
1378 611 1482 673 Sancti
1507 609 1618 672 Atbuni
1634 613 1669 672 in

160 704 270 766 Nicoiai
284 708 422 785 Tegrimii
436 723 485 767 an.
505 707 593 769 4494.
728 726 735 734 ·
938 703 1234 785 hngiiaenutritus,
1250 703 1359 766 464646
1374 702 1478 764 docuit
1494 704 1670 765 Parishsct

198 799 282 870 Quae
298 801 380 877 typis
395 815 509 861 excusa
525 799 634 879 prodiit
647 799 809 861 Alexandri
830 799 885 861 Le-
938 797 1034 859 redux
1052 800 1081 858 in
1096 799 1222 878 patriam
1238 801 1317 858 inter
1332 797 1499 860 canonicos
1518 795 1669 875 Augusti-

158 894 247 950 ctum
261 890 295 950 in
310 889 459 969 0646666,
476 892 550 954 haec
564 907 603 952 ex
614 891 732 954 duabus
742 909 820 971 quas
832 892 885 952 46-
938 891 1043 951 646666
1059 888 1161 952 hhhas
1176 891 1409 952 -Excostriensis
1426 886 1567 964 (Lelandi
1582 887 1668 966 stylo

159 982 203 1043 dit
212 985 242 1042 in
258 983 561 1058 eumdem‘Codiccm,
570 983 705 1044 secunda
714 991 762 1045 est
772 984 883 1047 dictatu
937 982 1120 1061 (turinensis,
1132 984 1199 1043 siva
1209 978 1668 1058 Girencestoensis)hnnotbtb

157 1074 244 1136 abco
260 1076 392 1151 Paduaa,
405 1075 481 1138 dum
496 1076 634 1156 pubblice
655 1083 782 1155 regeret.
803 1079 884 1138 Prio-
935 1073 1016 1137 diam
1029 1075 1110 1136 obiit.
1131 1074 1206 1138 Vide
1222 1075 1368 1138 Balneum
1388 1080 1471 1135 tomo
1491 1077 1528 1137 li.
1549 1075 1666 1137 Biston

156 1182 221 1228 rom
236 1175 326 1230 antea
342 1168 524 1248 produxerat
538 1169 643 1248 legans
660 1170 812 1231 Ferrariaa
831 1186 880 1231 an.
935 1166 1027 1229 hcad.
1042 1169 1133 1229 Pane
1147 1185 1214 1248 pag.
1229 1166 1298 1229 725.
1309 1169 1436 1246 Scripsit
1446 1167 1589 1230 Carmina
1601 1168 1668 1230 646-

157 1261 235 1321 4464
252 1277 380 1338 camqnc
395 1278 434 1323 cx
450 1277 501 1322 ore
518 1260 660 1322 dictantis
690 1267 848 1341 exceptam
863 1278 881 1324 a
935 1261 1018 1340 giaco
1029 1259 1065 1321 de
1077 1259 1165 1321 46646
1181 1258 1352 1340 Sapientiae
1360 1260 1506 1338 Dtbirooe,
1520 1260 1602 1341 quod
1619 1262 1668 1322 in·

154 1352 264 1413 tanobo
279 1353 317 1413 46
331 1355 474 1415 Ferrariis
488 1354 527 1417 46
544 1355 574 1416 S.
592 1355 690 1416 Felice
701 1359 805 1416 servat
819 1355 880 1416 its.
934 1354 1021 1432 cipit:
1033 1350 1158 1429 Gloria,
1175 1353 1341 1434 trajana,
1358 1353 1480 1430 norm,
1495 1350 1666 1434 sapentia.

153 1439 250 1507 codex
276 1447 371 1508 Fetini
396 1448 429 1508 in
456 1446 639 1510 Bibliotheca
659 1448 879 1509 canonicorum
934 1446 982 1508 Ex
998 1446 1049 1508 4416
1064 1447 1165 1508 iocum
1179 1447 1328 1525 insignem
1343 1445 1413 1523 (ubi
1426 1446 1541 1510 devita
1555 1447 1667 1510 studii-

156 1538 277 1600 maioris
296 1539 440 1606 666166466
456 1541 612 1602 Lucensis
629 1540 664 1600 ln
678 1538 737 1600 tine
750 1541 817 1600 cius
832 1556 882 1600 co-
934 1554 1011 1617 squc
1036 1538 1200 1615 Nachami)
1219 1537 1305 1599 affert
1333 1528 1573 1620 Lelandus'cap.
1601 1542 1666 1603 2t8

155 1630 230 1693 dicis
246 1631 320 1695 tuaac
336 1634 414 1714 tego:
441 1634 524 1696 44666
551 1630 613 1715 snit
634 1630 739 1713 prr'rne
765 1631 882 1694 4664646
934 1635 1027 1711 atquc
1043 1631 1111 1693 aiibi
1126 1631 1226 1695 *eum
1246 1633 1275 1693 in
1291 1630 1348 1692 hoc
1364 1648 1454 1711 opere
1469 1637 1588 1694 4664646
1602 1650 1667 1696 non

153 1723 334 1789 Ateoeondri
352 1725 521 1791 8666641666
538 1723 682 1808 pluribus
701 1723 813 1789 644446
831 1725 882 1788 416-
934 1723 977 1786 64
987 1726 1104 1809 4664666
1131 1722 1328 1805 eloquentium
1353 1739 1518 1805 manrperc
1534 1723 1663 1803 iudicat.

50 1847 58 1860 ·
154 1815 312 1899 do’tpotteo
323 1819 455 1897 Poenoe,
466 1837 559 1903 66666
574 1817 666 1882 hebes
681 1818 869 1901 4666466666.
935 1815 1081 1880 Libellum
1099 1817 1136 1879 de
1153 1817 1255 1902 Officio
1268 1816 1500 1894 nunciorum,
1515 1815 1666 1882 hneaimo

152 1926 157 1935 ·
194 1911 296 1974 Codex
311 1913 483 1977 Falinianus
502 1915 562 1976 ns
582 1913 639 1974 iti
654 1914 741 1975 otiert
761 1914 796 1975 D.
813 1911 881 1974 Aie-
934 1927 1089 1992 perperam
1103 1911 1265 1987 tributum,
1280 1912 1331 1989 qui
1345 1909 1667 1991 incipitom‘edeceot

155 1998 284 2066 6666464
299 2007 308 2084 t
321 2006 364 2068 ne
381 2007 492 2085 464646)
520 2006 767 2068 commentorium
789 2023 880 2085 super
932 2003 1662 2085 Mouchoouhiiudcarmcnodoiroereh‘oioeor:
1713 2025 1721 2035 ·

151 2100 201 2159 tit.
231 2099 270 2161 64
297 2102 329 2161 L.
356 2099 473 2163 464644-
490 2107 524 2162 64
546 2100 721 2162 Truheilian.
748 2097 880 2161 hinotnt
937 2096 1047 2159 Taedio
1061 2096 1148 2183 ontio
1171 2096 1259 2159 chori
1280 2095 1337 2159 tihi
1349 2103 1412 2160 etnt
1424 2105 1482 2160 otc.
1510 2098 1661 2178 Fabulae„

154 2208 227 2253 vero
239 2184 333 2255 ntanu
348 2209 405 2256 suu
420 2194 543 2254 Faiinuc
559 2192 633 2255 hacc
649 2209 709 2253 non
728 2193 879 2272 66344366-
934 2193 999 2253 sive
1009 2190 1290 2272 nooumAEcopurn,
1301 2189 1542 2270 cujus-initium:
1557 2191 1663 2273 Iopho-

152 2284 205 2347 da:
216 2285 295 2348 Haec
305 2285 742 2365 ineruntpostcrioribusannis
754 2276 878 2347 collecta
931 2282 980 2347 ote
996 2288 1114 2364 6696646
1130 2282 1220 2365 opor
1235 2281 1309 2345 41466
1327 2283 1456 2347 decoret
1471 2301 1594 2366 commu
1614 2288 1663 2349 Si·

152 2378 253 2441 taliter
281 2385 313 2439 64
334 2379 462 2457 qualitor
484 2377 542 2438 suh
565 2379 600 2438 1).
627 2377 797 2439 Alexandro
817 2395 876 2439 non
932 2377 1043 2438 militer
1058 2375 1408 2457 6666646466666,664
1421 2380 1529 2458 etipse
1541 2379 1662 2443 acutas

153 2471 245 2532 dante
260 2474 291 2531 in
308 2472 436 2551 scriptia,
450 2469 505 2531 sad
518 2470 611 2531 certis
625 2468 810 2532 auditoribus
824 2489 878 2532 ve·
931 2471 1070 2549 scripsit,
1087 2471 1128 2531 ita
1144 2471 1226 2531 enim
1250 2470 1412 2550 legendum
1431 2470 1557 2550 conjicio
1575 2472 1660 2552 apud

155 2563 260 2624 inciter
275 2562 524 2641 glomerantibus,
539 2561 686 2642 quidquid
695 2561 809 2625 abcius
824 2580 875 2626 ora
929 2563 1067 2637 Baieum,
1076 2579 1135 2622 non
1146 2560 1307 2623 46466664.
1319 2564 1439 2641 incipit:
1449 2562 1572 2626 Virroere
1581 2581 1659 2646 64466

153 2653 320 2716 immittitur
332 2654 464 2717 exibat»
642 2718 652 2737 ‚
930 2652 1120 2735 4664466664
1133 2662 1191 2716 646.
1207 2654 1481 2720 commendationes
1498 2656 1658 2721 Viniiihris

191 2746 428 2811 hfflxnnnnn
436 2746 600 2811 4646166446
611 2793 619 2824 ,
629 2748 791 2812 Monachus
800 2749 874 2811 Gor·
927 2748 1026 2810 tribus
1038 2795 1047 2826 ,
1061 2749 1118 2810 hoc
1134 2749 1237 2810 initio:
1252 2748 1326 2810 dnm
1342 2765 1453 2831 corpor
1465 2766 1581 2827 ceros,
1592 2756 1657 2813 etu-

150 2837 300 2917 bajensis,
320 2857 359 2902 ax
386 2844 480 2922 stirpe
506 2843 657 2905 Comitum
684 2842 723 2903 46
749 2843 872 2918 466616,
927 2840 1653 2923 deetetc.0orrnirtnriioerco,quoruminitium:

149 2946 279 3009 otiorum
295 2940 429 2995 castrum
444 2934 596 3013 quondam
611 2936 667 2997 init
680 2936 814 2996 vicinum
826 2936 875 2996 Ci-
930 2933 1170 2996 Corticerntcioto
1189 2933 1368 2997 Tisorontnt
1378 2942 1436 2995 646.
1448 2935 1657 2998 Prnmethobon

148 3026 236 3087 vitati
250 3024 399 3088 4144466466
409 3046 417 3087 :
428 3034 497 3107 post
511 3026 633 3090 Annum
649 3029 727 3089 titt
738 3029 873 3107 scripsit,
927 3028 1062 3089 carmine
1075 3034 1108 3089 at
1117 3043 1223 3107 prosa,
1233 3028 1349 3108 incipit:
1359 3029 1467 3110 Sponte
1479 3044 1540 3092 6646
1547 3027 1655 3110 pent'ttt

149 3117 215 3179 siva
224 3118 874 3183 continuavitisrhordiobrimeinnoeenbru
928 3136 975 3182 nte
996 3123 1276 3200 pronunciatum
1292 3120 1484 3185 6666644666
1502 3120 1656 3202 Nephele.-

148 3212 276 3275 viarinm
287 3230 389 3276 rurum
399 3200 647 3291 memorabilium,
657 3206 724 3276 sive
734 3215 874 3294 physica·
927 3230 1003 3275 noe:
1019 3211 1069 3275 ,44
1086 3230 1220 3275 montom
1235 3213 1356 3276 Domini
1366 3213 1490 3276 ueniere
1506 3212 1581 3274 hoec
1590 3221 1649 3275 otc.

149 3321 217 3367 rum
228 3308 373 3368 rariorum
388 3308 641 3370 Obaervationum
651 3307 758 3387 Capita
765 3308 871 3368 144444.
927 3307 962 3367 46
975 3308 1042 3368 aliis
1055 3324 1175 3387 quoque
1189 3307 1446 3369 lucubrationibus
1462 3308 1528 3368 suis
1541 3308 1652 3368 versus

147 3399 266 3460 anus
275 3398 369 3460 edidit
378 3394 511 3479 suasque
527 3399 753 3463 observationes
766 3399 873 3479 adjun-
927 3400 1125 3479 interposuit,
1139 3406 1175 3462 ut
1191 3403 1221 3460 in
1237 3405 1348 3481 reptem
1365 3397 1453 3460 hhrie
1469 3398 1506 3461 de
1522 3399 1651 3461 Notnrr'e

147 3493 200 3553 xit.
208 3492 243 3551 D.
254 3490 443 3553 Christianus
453 3493 753 3554 Franciscusi’auiini
763 3492 801 3554 ad
812 3494 873 3556 cai-
927 3509 1129 3570 rernmprosa
1141 3493 1435 3573 scriptis,quaieest
1448 3490 1653 3554 renmachon

25 3654 32 3667 ι
146 3581 872 3663 ccmhnniquurtisacundachecuriaahctorum
926 3583 963 3646 46
983 3589 1094 3665 reptem
1121 3583 1290 3664 lapidibus,
1308 3584 1387 3662 quod
1413 3587 1565 3664 Leyscrus
1585 3602 1651 3665 pag.

145 3676 491 3754 Ntturaccuriosorum,
505 3677 716 3758 Norimbergaa
730 3679 808 3740 4686
824 3680 850 3741 4.
926 3678 985 3739 493
1003 3677 1040 3739 46
1054 3680 1152 3739 Potitio
1167 3678 1255 3739 medii
1269 3679 1337 3739 aevi
1353 3683 1509 3753 memorat,
1525 3679 1652 3739 (1664666

184 3765 422 3831 4444144141114414
436 3771 561 3846 464666,
577 3768 666 3849 cujus
684 3771 872 3845 commento·
925 3767 993 3847 ejus
1010 3772 1121 3850 scripta
1137 3786 1276 3831 sermone
1292 3770 1425 3849 prosario
1446 3777 1520 3831 sunt
1538 3768 1652 3849 haytho-

145 3859 214 3922 rior
230 3859 262 3921 in
273 3859 475 3945 Apocalypsin
490 3870 631 3926 servatus
647 3866 677 3926 in
688 3866 870 3927 Bibliotheca
925 3860 1018 3942 46946,
1039 3864 1105 3924 sive
1132 3860 1351 3925 Scintiliorrirno
1378 3864 1519 3924 Potseoe.
1542 3863 1594 3923 nbi
1614 3860 1652 3921 46

144 3955 268 4016 Johnnis
280 3957 351 4017 14664
364 4001 372 4033 ,
384 3958 578 4021 Norvicensis
592 3958 751 4039 Episcopi,
768 3959 871 4020 46416-
924 3956 1002 4030 Diis,
1020 3956 1228 4032 41666446ι6,64
1243 3955 1281 4016 46
1298 3956 1407 4017 tabuiis
1424 3957 1593 4016 Poetarum.
1613 3955 1649 4014 46

142 4047 210 4110 4466
226 4049 456 4112 membranaoeo
479 4053 510 4111 in
532 4050 600 4112 46446
613 4098 620 4129 ,
632 4069 708 4114 >cum
730 4052 877 4125 iconibus
896 4114 897 4117 ,
923 4046 1177 4127 Metamorphoein
1198 4048 1313 4120 064444,
1336 4046 1368 4108 in
1387 4046 1542 4108 Mercrhni
1559 4047 1653 4109 hiirrei

139 4139 311 4223 descriptus
323 4141 421 4206 hunis
436 4143 547 4205 abhinc
563 4147 748 4224 quingentis.
924 4138 1032 4202 Feiicr'e
1054 4140 1192 4221 Copotioo
1212 4141 1303 4201 libius
1315 4140 1353 4202 dc
1372 4143 1492 4219 Nuptiis
1512 4142 1648 4203 Mercurii

182 4233 418 4298 imminuit
433 4235 568 4315 44694446,
581 4243 779 4316 cognomento
792 4236 869 4297 Bee-
923 4239 955 4294 ct
970 4232 1160 4313 Philologiaa.
1179 4232 1409 4312 Corropotiones
1431 4233 1603 4295 Promethei
1615 4236 1647 4295 44-

143 4330 427 4404 commentarium
439 4330 640 4409 temneret
655 4329 778 4391 hunum
790 4329 867 4390 ttoo
922 4327 985 4387 bris
1001 4328 1041 4388 tv
1058 4326 1115 4387 hoc
1132 4327 1226 4385 initio:
1250 4324 1370 4406 sermm
1397 4325 1453 4386 cito
1478 4323 1649 4405 rnhtpinent

145 4420 183 4481 46
199 4437 260 4498 quo
275 4421 480 4483 chaminns
497 4422 696 4484 Scamennius
717 4422 765 4483 tib.
783 4423 810 4483 44
830 4420 869 4482 46
922 4417 1006 4479 docti
1019 4426 1078 4482 646.
1096 4417 1283 4497 4669694666
1295 4418 1334 4480 46
1346 4419 1568 4494 Grammatico,
1582 4422 1648 4479 siva

144 4513 234 4573 claris
249 4512 368 4575 civibus
381 4515 534 4575 Patavinis
547 4531 613 4593 pag.
630 4512 699 4576 eit.
924 4511 1049 4592 ieopope
1062 4510 1106 4573 644
1115 4516 1209 4572 ortes.
1226 4512 1270 4572 De
1283 4510 1392 4590 fienn's
1406 4516 1435 4571 et
1451 4510 1555 4590 tropis.
1574 4509 1648 4571 Ein-

185 4603 422 4669 ALEXANDER
441 4604 479 4668 de
504 4605 654 4682 44666446,
676 4603 872 4686 Augustinia·
924 4602 1075 4665 chonon
1088 4600 1305 4680 Bibliothwoe,
1321 4605 1438 4682 incipit:
1456 4604 1499 4664 De
1516 4600 1645 4683 sinentis

146 4713 217 4774 nus,
229 4697 439 4763 cirrahnnum
451 4696 705 4777 tt3bcnjusnihii
717 4700 774 4759 nisi
785 4700 873 4762 Gorn-
925 4693 1121 4758 bibliothecae
1135 4694 1223 4757 hbrio
1238 4703 1295 4756 etc.
1312 4696 1422 4756 Exstat
1437 4698 1467 4755 in
1484 4696 1578 4756 variis
1598 4697 1646 4757 Bi-

146 4788 309 4851 rnentoriot
325 4791 356 4853 io
367 4791 502 4873 6666666
517 4788 740 4855 Sententiarum
758 4808 872 4854 memo
929 4819 933 4827 v

149 4887 248 4942 ratum
265 4900 369 4963 ffliffl·
965 4920 1151 4975 66664466
1175 4921 1276 4975 mnan
1294 4921 1325 4972 ue
1349 4920 1425 4972 renuo
1451 4921 1609 4974 urrunnun
1631 4932 1646 4970 4

188 4971 425 5041 4441444444Ιί
434 4978 610 5057 Nechonnt,
622 4972 762 5055 Nechoot,
776 4978 868 5057 (apuu
921 4995 1016 5049 riom
1032 5000 1130 5050 646666
1140 4996 1209 5050 min
1226 5001 1295 5048 tomo
1311 4997 1345 5044 nr
1360 5006 1419 5058 pag,
1440 4992 1495 5046 446.
