3464 5318
691 342 940 406 conubii
1399 391 1400 396 .
1507 357 1567 418 397

69 447 203 511 Murtino
217 444 342 522 Polono,
358 443 511 507 Halmohio
524 447 552 523 1))
568 446 715 526 imolato,
730 451 793 511 alii·
844 468 937 513 voce:
954 453 1218 535 Hippocoereium,
1233 456 1312 533 quod
1326 456 1423 520 locum
1440 459 1566 523 denotat

68 560 161 622 sque,
173 539 319 618 clunibus
335 540 397 618 ipse
415 540 452 601 de
469 543 533 604 suis
548 546 705 622 praecipue
716 551 792 604 tern-
846 545 876 603 in
898 562 957 622 qno
980 548 1132 608 ferrantur
1149 550 1228 625 equi.

70 637 195 716 poribus
211 635 298 713 plura
325 651 403 694 nova
429 643 460 694 et
484 637 645 714 singularia
669 636 790 698 addidit.
885 637 962 700 *Ad
980 642 1148 702 Cornutum
1166 641 1247 701 hune
1268 644 1418 721 respicere
1439 647 1567 708 arbitror

67 733 129 792 1144
147 747 217 791 cum
239 729 405 789 clarissimo
433 730 545 808 collega
566 747 634 790 meo
650 731 792 797 41444414
846 731 911 792 444.
927 734 1043 794 1184444
1061 735 1141 814 apud
1164 736 1295 795 amioum
1317 753 1418 797 meum
1434 741 1568 819 singula·

64 824 200 901 liicheyo
213 823 330 883 ,1184444
347 823 476 884 lustrare
493 841 543 884 me
558 826 680 885 memini
698 826 793 887 Lube-
847 843 910 885 rem
930 828 963 886 D.
981 829 1124 889 Martium
1140 829 1256 890 hiicheii
1273 830 1391 890 hlaioris
1413 832 1568 894 Ecclesiae

65 935 144 992 cae,
160 923 252 994 atque
270 923 390 976 exstare
408 919 478 976 novi
495 920 587 978 etiam
602 919 792 997 Lunehurgi',
847 902 993 980 Lucensis
1008 922 1204 996 Canonicum,
1216 924 1303 984 cuius
1316 939 1405 984 usum
1418 926 1490 984 mihi
1502 942 1570 1004 per·

66 1011 260 1084 Helmsiadii,
277 1011 403 1089 aliisque
417 1014 446 1071 in
464 1012 544 1072 locis.
561 1012 619 1074 Sed
636 1014 713 1074 bene
730 1019 792 1090 est,
848 1014 943 1072 misit.
963 1014 996 1073 ln
1014 1015 1192 1075 eius'ironte
1209 1017 1252 1076 sic
1267 1017 1350 1094 lego:
1368 1019 1498 1078 Lecturo
1518 1036 1570 1079 su-

67 1105 149 1186 quud
167 1105 355 1183 praeclarum
369 1121 446 1183 opus
463 1105 549 1166 honis
566 1107 674 1168 avibus
691 1109 722 1167 in
748 1108 794 1170 lu·
842 1122 899 1185 par
919 1111 1044 1185 satyras
1062 1106 1218 1168 luvenalis
1239 1107 1397 1188 Aquinatis
1418 1128 1461 1170 44
1482 1112 1566 1174 Com-

65 1219 136 1262 cem
150 1198 313 1260 exCodice
327 1200 554 1277 Luneburgensi
578 1200 720 1279 produxit
744 1203 794 1260 lo
849 1198 1005 1258 4444444144
1035 1199 1162 1261 Cornuti
1181 1201 1383 1279 copiosissima
1411 1202 1509 1279 44444,
1541 1208 1571 1264 ei

66 1295 186 1355 hannes
194 1293 340 1371 Georgius
355 1293 519 1369 bocardus,
537 1295 566 1353 iu
584 1301 671 1361 tomo,
684 1311 794 1355 secun·
841 1289 942 1369 primo
964 1291 1172 1371 themanitem
1188 1311 1285 1354 nosce.
1301 1295 1401 1356 Codex
1419 1303 1467 1356 est
1481 1299 1568 1358 char-

66 1389 107 1449 do
124 1389 263 1466 Corporis
287 1388 504 1448 historicorum
522 1387 613 1448 medii
633 1389 718 1466 aevi,
745 1389 793 1448 Li·
847 1391 953 1445 tacens
971 1386 999 1443 in
1015 1386 1054 1446 iol
1067 1389 1199 1465 scriptus
1217 1404 1266 1447 an.
1280 1389 1372 1449 4412.
1390 1391 1464 1449 4414
1480 1391 1570 1468 Saty—

67 1484 153 1561 psiae
168 1481 245 1542 4723
265 1481 311 1540 141.
327 1497 392 1558 pag.
413 1482 563 1543 432-1343
582 1483 622 1542 ita
638 1487 741 1541 tamen
757 1485 791 1542 44
847 1494 897 1537 ras
914 1484 1033 1539 tantum
1051 1486 1118 1540 octo
1131 1487 1280 1542 versatur.
1296 1482 1353 1542 Est
1369 1488 1471 1542 autem
1487 1499 1568 1543 eom·

66 1592 118 1635 res
138 1574 176 1634 ab
192 1573 313 1634 exordio
329 1574 431 1635 Mundi
450 1575 601 1652 usquead
618 1574 792 1636 (144411144-
847 1573 1017 1633 mautarius
1038 1574 1159 1649 sapiens
1186 1573 1316 1635 indolem
1334 1577 1490 1653 scriptoris
1507 1592 1567 1637 nou

65 1670 117 1746 gui
127 1674 272 1745 tempora,
283 1673 386 1745 utpote
398 1667 436 1727 ab
449 1667 515 1727 aliis
533 1668 641 1729 melias
655 1670 791 1730 4444414-
846 1680 921 1723 sanc
940 1664 1020 1724 docti
1043 1671 1073 1724 44
1096 1665 1134 1727 44
1160 1669 1283 1745 genium
1309 1670 1464 1746 scriptoris
1487 1686 1567 1731 saec.

66 1778 144 1838 sque
156 1760 281 1820 traditas
291 1762 436 1827 omiserit.
454 1762 611 1840 Specimen
623 1761 790 1823 collationis
844 1758 925 1817 11111.
941 1758 990 1817 vel
1008 1759 1086 1818 xiv.
1114 1761 1143 1818 in
1172 1759 1231 1819 line
1257 1767 1306 1820 est
1332 1764 1568 1822 commentarius

65 1872 138 1916 cum
166 1853 275 1916 Codice
303 1855 490 1929 Lubecensi,
518 1873 633 1933 exque
660 1860 790 1934 possunt
843 1850 921 1914 alius
940 1851 969 1909 in
998 1852 1183 1928 prooemium
1209 1852 1430 1914 Oeconomicor.
1455 1852 1570 1915 Aristo·
1674 1913 1676 1916 ,
1715 1917 1717 1923 ,

66 1949 211 2009 44444114
229 1949 259 2007 in
272 1948 455 2009 Eecardiana
473 1948 604 2008 editione
621 1947 788 2024 emendari,
844 1944 921 2005 telis.
934 1945 996 2004 >Est
1012 1946 1102 2003 etiarn
1122 1944 1160 2004 ibi
1177 1948 1413 2006 commentarius
1439 1947 1516 2008 alius
1534 1949 1569 2009 in

66 2041 203 2102 4441414.
222 2043 255 2103 C.
272 2041 425 2101 lohannes
440 2043 586 2102 henricus
596 2057 655 2101 van
670 2041 790 2117 Seelen‚
844 2039 972 2115 primam
989 2044 1021 2097 et
1038 2036 1204 2098 secundam
1233 2039 1373 2115 Satyrum
1389 2041 1566 2118 luvenalis,

66 2138 120 2216 qui
145 2135 183 2197 de
200 2137 332 2197 Cornero
348 2137 475 2213 eiusque
503 2151 592 2213 opere
608 2134 725 2196 erudite
743 2141 790 2195 est
844 2130 897 2190 sed
916 2132 1071 2209 scriptoris
1089 2133 1180 2208 ignoti
1200 2148 1255 2192 uec
1271 2132 1360 2210 plane
1376 2132 1465 2192 docti.

65 2235 290 2290 commentatas
299 2228 789 2306 1444144414114444441144402-134.
884 2221 1051 2297 6444444444Ι
1074 2219 1291 2287 COliliUTUS.
1318 2223 1570 2306 Archiepiscopus

68 2323 153 2383 idem
167 2323 315 2401 pollicitus
326 2329 375 2382 est
386 2323 443 2383 alio
455 2328 589 2400 tempore
601 2321 789 2386 collationem
844 2317 881 2378 ab
896 2315 953 2378 An.
973 2317 1052 2379 4223
1070 2317 1108 2377 44
1128 2318 1217 2380 4244.
1235 2319 1440 2394 8444444414,
1455 2319 1493 2381 44
1510 2338 1570 2399 quo

68 2417 218 2494 integram
235 2432 268 2475 se
283 2416 455 2491 editurum,
470 2417 528 2475 etsi
546 2417 659 2493 alioqui
677 2416 790 2476 fatetur
843 2417 962 2489 praeter
977 2411 1162 2472 Guilelmum
1177 2413 1329 2473 Britouem
1343 2414 1483 2474 1111480
1499 2430 1568 2493 sqq.

65 2509 334 2587 luneburgensem
352 2510 511 2588 Codieem,
529 2527 620 2588 quem
635 2509 790 2570 Eecardus
843 2504 1066 2566 sammarthani
1088 2511 1160 2564 tom.
1191 2506 1212 2566 1.
1240 2506 1352 2567 Galliae
1379 2507 1568 2592 Christianae
1676 2570 1681 2579 ,

65 2611 115 2664 444
131 2610 274 2678 4444444,
302 2604 468 2666 Lubeceusr
485 2606 516 2663 in
534 2602 670 2682 pluribus
697 2605 789 2665 etiam
842 2616 908 2678 pag.
927 2598 995 2660 637.
1014 2615 1076 2677 seq.
1095 2598 1226 2660 Bulaeus
1243 2606 1315 2659 tom.
1334 2601 1385 2660 111.
1403 2600 1474 2660 4144.
1492 2599 1568 2662 Aea·

65 2704 232 2777 praestare.

110 2792 246 2852 Disticha
273 2792 405 2869 Magistri
432 2789 620 2866 COlih’UTl,
646 2797 677 2851 44
699 2790 735 2852 44
756 2806 793 2851 44

67 2884 249 2964 glossulis.
271 2887 381 2947 4144444
401 2903 418 2946 4
440 2887 552 2965 cangio
573 2888 602 2946 in
628 2885 790 2965 glossario,

112 3109 139 3170 4)
155 3112 279 3174 Excerpta
297 3125 328 3161 44
346 3113 457 3162 cornero
473 3113 609 3174 14444444
627 3109 670 3162 4114
687 3112 796 3162 441441-

60 3183 145 3234 moldo
157 3184 196 3233 rel
207 3185 315 3234 arnoldo
325 3187 407 3246 alieri,
416 3193 493 3248 atque
503 3190 530 3236 in
541 3185 697 3237 editionibus
711 3190 799 3236 utriu-

61 3273 127 3321 sque
140 3261 208 3310 111144
220 3264 353 3323 scriptoris
370 3261 409 3310 rei
426 3263 518 3312 desum
529 3261 569 3311 rai
580 3263 655 3312 aliter
665 3263 796 3324 leguntur,

58 3337 242 3398 emtauiapuil
258 3335 414 3385 leibnitium
427 3343 488 3385 tom.
502 3338 537 3394 il,
550 3338 702 3399 soriptorum
713 3341 796 3385 44444-

57 3412 216 3459 mirensium
234 3423 293 3476 pag.
306 3407 420 3459 74a75i.
434 3409 503 3459 idern
520 3412 668 3461 Germanice
685 3409 795 3460 41414414

57 3482 189 3533 1414414414
206 3487 331 3534 84444144
344 3498 375 3549 44
391 3485 502 3534 Cornero
513 3496 585 3548 44444
598 3483 725 3547 quaedam
744 3482 798 3534 edl-

57 3556 97 3607 dit
109 3563 173 3607 tom.
192 3561 235 3606 144.
254 3571 312 3620 pag.
327 3558 434 3608 iau-eoi
460 3558 626 3609 miniati
644 3560 677 3609 ud
695 3559 756 3608 li'oh
772 3563 798 3608 44

58 3634 288 3684 continuationem
303 3634 336 3683 414
350 3640 397 3686 lin.
414 3633 519 3685 448544
535 3634 596 3685 lidii
613 3647 669 3699 pag.
687 3633 798 3684 ata-aio

59 3706 191 3769 aliamque
209 3709 240 3756 ab
256 3714 303 3758 44.
329 3708 391 3758 1448
408 3713 439 3760 44
464 3710 524 3760 iiiiii
541 3724 598 3773 pag.
616 3710 662 3760 201
680 3711 737 3758 202.
762 3714 798 3758 iia

60 3784 214 3833 Germanica
231 3788 347 3834 versione
362 3785 481 3840 chronici
501 3788 672 3844 cornerianl,
690 3792 796 3834 auctore

59 3859 501 3921 4444414144044444404414414441,
519 3862 577 3910 ride
594 3859 716 3909 iacobum
729 3863 796 3918 Que-

58 3930 164 3980 tiitom.
175 3935 257 3993 primo
266 3932 296 3981 de
309 3935 478 3996 scriptoribus
487 3937 727 3996 Dominieanispag.
739 3928 800 3986 7814.

109 4007 138 4069 b)
154 4010 249 4057 Laudat
262 4017 392 4070 praeterea
404 4012 531 4060 Coruerus
545 4010 705 4072 Jorephum,
726 4009 799 4060 Soli-

57 4099 143 4144 num,
158 4085 300 4143 Orosium,
312 4085 463 4134 chronicon
474 4092 499 4134 et
510 4092 587 4147 gesta
597 4087 796 4144 Humanarum,

59 4158 226 4219 Eusebium,
247 4160 365 4219 Hedum,
382 4158 567 4222 sigebertum,
585 4159 736 4210 Chronieon
748 4161 799 4210 Sa·

58 4234 212 4292 monicum,
230 4236 374 4297 Hugonem
389 4235 608 4294 floriacensem,
626 4235 709 4286 Gesta
725 4235 797 4283 Lon·

60 4309 245 4373 gotomarum
252 4345 260 4370 ‚
273 4309 424 4360 Chronieon
432 4311 609 4370 Francorum,
622 4311 796 4372 Gratianum,

61 4385 176 4435 Petrum
188 4385 370 4444 Damianum,
386 4385 537 4436 Chronieon
549 4384 715 4447 lubusense,
732 4384 797 4436 W-l·

56 4461 200 4520 helmum,
230 4460 382 4510 chronicon
412 4462 570 4524 Dacorum,
594 4461 795 4519 Odotriiaruus,

59 4535 258 4592 Bohemorum‚
286 4535 454 4597 duplorum,
485 4537 651 4597 Gothorum,
679 4546 798 4583 summo-

48 4624 120 4685 ·rum
134 4610 315 4671 Pontificum,
328 4616 352 4658 et
364 4611 526 4675 Pontificum
536 4611 795 4674 Hamhurpensium:

63 4685 235 4744 Usuurdum,
261 4687 429 4747 Turpinam,
446 4688 664 4751 luitprandum,
686 4685 797 4737 Schone·

55 4761 179 4820 aeidum,
192 4760 230 4809 M.
240 4761 402 4820 liutardum,
418 4763 573 4812 Historiam
585 4763 778 4814 scholasticam
784 4795 795 4822 ,

61 4836 154 4885 Vitam
172 4836 197 4884 S.
216 4834 397 4898 bernwardi,
413 4838 539 4887 1441414144
556 4840 711 4889 Historiam
728 4836 794 4886 His·

57 4909 294 4970 roaolpmitanom
307 4947 315 4970 ,
335 4912 469 4961 Viatioum
481 4916 694 4977 narrationum,
711 4916 794 4966 Jaco-

60 4985 125 5034 bum
141 4986 173 5032 de
196 4985 330 5047 Voragine
343 4993 391 5037 ete.
404 4990 465 5039 vide
475 4990 531 5040 ioh.
548 4993 651 5043 Heurlel
667 5004 717 5043 4444
736 4997 796 5046 See·

60 5061 105 5110 lau
126 5059 285 5111 meleiematu
295 5062 417 5113 litteraria
435 5077 493 5126 pag.
511 5063 598 5116 auur.

844 2691 960 2754 demiae
975 2694 1150 2755 Parisiensis
1165 2709 1230 2771 pag.
1244 2692 1311 2755 470.
1324 2709 1387 2772 444.
1407 2695 1474 2756 182.
1489 2693 1565 2771 Ejus

843 2785 980 2848 Historia
997 2786 1133 2848 Coronae
1155 2787 1275 2867 spineae
1294 2789 1392 2849 rusi]
1408 2789 1571 2852 CHRISTI

846 2881 1125 2959 Constantinopoli,
1154 2882 1203 2941 ubi
1226 2883 1349 2943 Venetis
1375 2886 1569 2962 oppignorata

846 2980 877 3033 et
893 2991 912 3034 a
928 2974 1079 3039 Ludovico
1100 2982 1205 3035 sancto
1225 2975 1381 3053 redemta,
1398 2977 1455 3038 hn.
1479 2979 1567 3040 4230.

846 3067 876 3126 14
897 3067 1023 3128 Galliam
1054 3066 1219 3142 advectae,
1241 3068 1321 3145 apud
1352 3068 1504 3130 Andream
1525 3069 1567 3132 du

846 3159 966 3222 Chesne
983 3166 1055 3220 tom.
1070 3160 1106 3220 V.
1123 3163 1303 3239 scriptorum
1325 3179 1427 3223 rerum
1449 3164 1569 3223 Franci-

846 3269 950 3314 carum
971 3270 1037 3332 pag.
1060 3253 1128 3314 407.
1402 3249 1408 3265 ’

886 3346 1115 3410 CORONATUS
1126 3349 1266 3410 Notarius
1277 3392 1285 3423 ,
1296 3349 1423 3427 scriptor
1439 3348 1520 3411 euna
1533 3351 1566 3413 S.

847 3440 994 3517 Zenonis,
1018 3441 1156 3520 (dequo
1183 3442 1277 3519 inira)
1299 3443 1480 3503 Veronensis
1500 3444 1570 3523 lipi-

847 3537 948 3612 scopi,
964 3535 1062 3598 editae
1082 3538 1213 3615 primnm
1235 3537 1273 3597 ab
1294 3536 1418 3615 Ughello
1439 3543 1512 3598 tom.
1534 3539 1569 3598 V.

849 3630 951 3690 ltaliae
964 3645 1066 3691 sacrae
1083 3648 1149 3710 pag.
1166 3632 1233 3692 080.
1253 3648 1315 3709 seq.
1334 3649 1372 3693 ex
1389 3638 1567 3711 pervetusto

848 3724 956 3785 Codice
967 3724 1093 3785 haedina
1109 3726 1251 3787 Abbatiae
1261 3728 1291 3788 S.
1304 3727 1468 3788 Salvatoris
1484 3728 1566 3788 lilon-

849 3821 888 3877 tis
904 3818 1034 3892 4441441,
1050 3818 1158 3879 deinde
1185 3820 1222 3880 ab
1248 3820 1414 3881 lieschenio
1435 3823 1464 3880 in
1482 3819 1567 3882 Actis

849 3913 1027 3975 Sanctorum
1046 3914 1085 3974 12
1102 3913 1213 3992 Aprilis
1232 3920 1253 3971 t.
1271 3914 1318 3988 11,
1335 3931 1400 3993 pag.
1419 3916 1467 3974 69.
1486 3932 1550 3993 seq.

890 4005 1053 4068 Guilelmus
1074 4007 1286 4068 (1011Τῦ81118
1294 4010 1457 4068 Ρ44441444
1473 4010 1572 4087 coepit

848 4102 976 4164 condere
993 4101 1160 4162 Historiam
1182 4099 1218 4160 de
1238 4099 1427 4161 Nooiiaiihus
1445 4102 1569 4163 Puduaa

849 4193 1089 4255 ellenhardiue
1105 4197 1142 4255 ah
1160 4196 1216 4256 hn.
1236 4196 1313 4256 1256
1331 4194 1410 4274 quod
1428 4197 1569 4257 allectum

847 4289 914 4366 ejus
934 4306 1010 4369 opus
1030 4292 1218 4351 continuavit
1234 4297 1265 4350 44
1282 4290 1319 4351 44
1336 4291 1459 4353 Annum
1482 4293 1569 4353 1364.

847 4383 988 4463 perduxit
1008 4387 1251 4463 consanguineus
1272 4384 1412 4446 Guilelmi
1433 4382 1570 4463 4144194-

847 4484 895 4539 tur
928 4472 1152 4541 COllTUSlUS.
1184 4482 1303 4541 Primus
1331 4481 1569 4559 4144111444

846 4582 932 4636 sians
948 4575 1030 4635 libris
1048 4575 1140 4634 edidit
1156 4592 1194 4634 44
1211 4573 1258 4634 114.
1275 4575 1355 4635 1488.
1374 4576 1457 4635 Felix
1474 4575 1565 4637 Osius

847 4675 993 4746 44444444
1025 4669 1138 4730 4441414
1165 4671 1299 4731 venetiis
1323 4671 1569 4745 1636,441.144-

845 4766 958 4842 petitae
982 4764 1104 4824 editioni
1133 4765 1162 4821 in
1192 4763 1345 4823 Thesauro
1372 4765 1569 4825 italiaellur-

846 4861 1006 4919 manniuno
1023 4865 1095 4919 tom.
1114 4859 1172 4932 Vl,
1190 4865 1274 4937 parte
1293 4861 1304 4920 4
1323 4904 1329 4934 ,
1347 4862 1475 4920 44444414
1495 4876 1567 4940 sup

841 4952 1022 5033 piamentum
1043 4970 1081 5012 ex
1102 4952 1183 5012 11844
1205 4952 1312 5013 Codice
1329 4954 1454 5014 Comitis
1471 4957 1515 5013 Pii
1529 4954 1573 5012 de

845 5047 1030 5126 Comitibns,
1049 5047 1475 5112 114441414444444484444
1495 5045 1601 5102 hermu
