3464 5318
570 309 597 369 J.
627 309 735 370 uolt.
768 309 943 371 llllNSll
979 306 1101 373 titt
1541 326 1574 376 xt

91 418 210 474 sissimo
232 420 332 471 nostro
361 420 440 470 uetus
469 414 593 480 incidit,
622 420 711 470 tecum
736 416 788 487 qui

90 500 165 554 idem
184 498 290 565 sentis,
312 496 449 570 conqueri
466 497 577 552 diuitiis
596 498 680 562 noto,
699 512 730 551 oo
742 497 787 552 oct

88 586 239 650 muciano,
260 584 336 656 quod
364 585 510 639 atrociora
539 584 600 638 otio
626 584 659 637 in
688 584 782 640 ocutos

89 673 245 725 incurrunt
252 686 264 734 3
283 681 372 740 quoa,
393 668 459 723 ticet
478 685 536 724 non
554 670 627 724 sutis
646 669 786 724 commodo

90 771 123 811 uc
142 753 250 815 litero,
271 753 440 822 deponatur.
460 753 503 810 ild
515 754 787 810 commentariolum

85 840 168 895 redeo
182 879 190 905 ‚
209 838 286 909 quod
298 839 413 895 Mansio
427 838 549 908 diqnam
564 853 622 893 isso
635 838 788 892 voluissem

86 939 171 999 quoni
188 924 319 978 moninio
329 942 341 988 ‚-
358 925 408 979 scd
418 931 536 993 practer
554 924 729 980 voluntatum
748 938 782 978 oc

71 1033 286 1184 Quamquam
309 1103 459 1179 praeclara
482 1101 656 1164 eruditionis
684 1123 789 1166 monu-

69 1193 179 1252 mania,
191 1202 269 1262 quaa
283 1186 335 1243 viri
355 1183 517 1244 doctissimi
534 1184 678 1260 pubblicis
695 1187 787 1247 litoris

68 1265 242 1342 prodiarunt
264 1281 316 1323 cos
339 1264 464 1340 ipsomet
482 1264 517 1324 ad
537 1281 656 1324 cinnam
677 1284 787 1325 maino·

68 1346 140 1405 riam
163 1344 388 1414 commendant,
411 1344 551 1423 quiddam
586 1352 684 1405 tanicu
716 1349 786 1405 iusi-

66 1442 123 1503 gne
145 1433 193 1483 ast
217 1433 280 1485 tum
304 1424 339 1483 ad
363 1441 464 1484 aarum
490 1424 618 1495 laudem,
650 1434 713 1486 tum
748 1427 783 1487 ad

68 1507 210 1566 historiae
243 1505 401 1566 utilitatem
431 1514 461 1564 et
498 1512 681 1583 postarorum
715 1510 786 1566 inol-

65 1594 256 1657 laniantum,
279 1588 303 1643 si
328 1586 473 1644 litteratos
497 1587 662 1645 istiusmodi
691 1587 785 1646 hnmi-

67 1684 137 1728 num
163 1666 289 1730 laboras,
312 1666 479 1727 studiorum
514 1668 655 1725 rationum
690 1671 783 1728 vitam

66 1765 226 1825 morasque
249 1746 344 1805 lucide
365 1762 399 1805 ao
429 1746 557 1805 braiitar
589 1745 784 1807 describendo

65 1844 209 1905 expressa
232 1828 329 1905 aliqua
353 1827 468 1885 illorum
494 1827 584 1885 ueluti
620 1829 714 1903 imago
736 1845 784 1887 ao-

63 1911 198 1968 curatius
221 1915 408 1983 proponatur.
429 1908 488 1965 llao
506 1909 584 1964 aniiu
600 1925 669 1965 varo
685 1917 784 1968 manle

64 1989 184 2048 loannis
205 1988 348 2047 Dominici
372 1986 500 2047 llilNSll
519 1988 613 2046 Vitam
636 1986 786 2048 declarare

63 2066 227 2145 aggredior,
251 2067 329 2126 illius
351 2084 457 2142 uampu
480 2067 608 2125 hominis
639 2071 686 2127 cul
719 2088 785 2146 gra·

64 2150 225 2208 vissimum
247 2155 278 2207 at
302 2146 457 2225 multiplea
480 2164 632 2207 sacrarum
656 2148 786 2225 discipti-

69 2246 173 2289 narum
198 2245 294 2306 genus
327 2237 474 2306 quantum
508 2226 614 2287 dabaat
648 2231 695 2288 vix
727 2230 783 2290 dici

64 2311 195 2388 prolecto
219 2317 327 2386 potest.

101 2392 198 2451 Natus
214 2390 320 2449 illeast
342 2406 420 2450 anuo
444 2389 600 2449 millesimo
628 2400 785 2452 sexcente-

63 2473 136 2531 simo
160 2472 353 2548 nonagesimo
375 2471 508 2531 sacuudo
531 2472 609 2531 xlv.
633 2472 694 2531 llal.
711 2476 785 2533 illar-

64 2555 117 2611 tias
134 2553 331 2628 Lucae,quae
352 2553 459 2612 civitas
482 2553 723 2628 praacallantium
744 2557 786 2612 iu·

54 2635 216 2713 ‘geniorum
232 2632 319 2695 lauda
331 2638 420 2709 atquc
433 2636 610 2710 scriptorum
625 2635 784 2710 insignium

64 2717 143 2791 copia
180 2730 346 2792 numquam
385 2730 442 2772 non
474 2715 609 2772 eminuit.
644 2716 783 2774 Parentes

66 2796 185 2856 luerunt
206 2794 316 2868 loseph
340 2795 470 2854 llausius
496 2803 526 2852 at
557 2796 630 2854 ltoss
664 2796 784 2866 Torria,

66 2880 206 2952 coniuges
230 2891 340 2950 gauere
361 2882 391 2932 at
414 2875 564 2934 nobilitate
587 2892 655 2934 cum
680 2879 783 2952 primis

66 2960 128 3017 eius
149 2957 282 3015 civitatis
307 2955 447 3014 illustras
472 2957 533 3014 Etsi
558 2973 627 3013 varo
656 2958 690 3014 lo
727 2958 782 3015 Do·

67 3038 162 3097 iuiuici
188 3034 310 3111 puarilis
332 3045 414 3095 aetas
437 3039 464 3094 in
488 3054 520 3095 aa
544 3044 676 3111 tempora
712 3037 781 3094 iuci-

67 3117 118 3190 dit,
130 3115 242 3195 quibus
256 3116 363 3174 latinae
381 3117 495 3175 litterae
510 3116 697 3193 squattabaiit
716 3125 781 3192 plu·

67 3202 173 3257 rinium
207 3196 374 3277 (siquidum
398 3204 428 3256 at
449 3196 717 3257 Grammaticorum
749 3205 780 3255 at

67 3279 227 3338 llhetorum
252 3282 398 3336 maximae
421 3277 595 3355 plerumque
617 3287 702 3336 eraut
721 3278 782 3337 inc·

67 3362 143 3438 ptiac
165 3365 197 3416 at
219 3357 373 3416 insulsitas
396 3375 452 3415 non
485 3359 661 3429 mailiocris)
683 3376 716 3417 aa
739 3365 783 3415 ta·

68 3458 134 3499 man
160 3440 270 3497 mantis
292 3441 439 3515 sagacitas
461 3441 489 3497 in
523 3439 571 3496 illo
602 3440 716 3513 eluxit,
750 3446 782 3496 ut

67 3538 132 3581 cum
156 3520 286 3597 primum
310 3535 346 3577 ox
367 3518 585 3588 Grainiuaticae
607 3522 688 3578 tricis
715 3535 782 3577 sasc

67 3606 160 3680 potuit
182 3598 339 3674 aipticaia,
362 3598 397 3657 ad
422 3600 528 3659 latinos
547 3603 719 3676 pransurum
740 3599 782 3657 hi-

69 3684 192 3743 storicos
208 3681 368 3756 scriptores
381 3681 521 3757 legendos
535 3680 781 3756 madiianitosqao

70 3763 237 3824 incubuerit
263 3761 446 3820 avidissima.
474 3763 515 3820 lta
551 3778 635 3838 porro
667 3764 780 3818 sensim

70 3863 124 3904 nou
147 3845 214 3903 siue
236 3844 294 3901 acri
317 3844 406 3901 animi
429 3846 619 3901 contantinus
641 3859 705 3900 aam
725 3840 778 3898 sibi

68 3926 157 3986 latine
171 3922 319 3983 scribendi
339 3924 482 3983 rationem
497 3925 689 3999 comparauit,
704 3938 781 4000 quac

68 4009 140 4067 satis
166 4011 199 4062 et
221 4004 311 4062 uitida
333 4011 364 4061 et
384 4007 485 4077 gravis
506 4010 537 4060 at
558 4005 779 4062 accommodata

69 4093 158 4156 asset,
170 4085 441 4162 qualemiuuiversa
462 4086 554 4161 ipsius
572 4087 679 4160 scripta
701 4101 783 4159 praa·

68 4167 212 4228 ulerunt.
226 4165 264 4223 At
285 4167 424 4241 quoniam
442 4173 559 4240 praetor
572 4165 685 4225 calaras
704 4168 784 4241 lngo·

70 4250 107 4306 nii
131 4254 243 4316 motus,
264 4253 294 4303 at
317 4248 475 4304 memorias
495 4252 554 4305 viru
575 4262 664 4323 propa.
683 4247 784 4315 siugu-

69 4328 172 4399 laram,
194 4325 391 4402 ardoremque
425 4326 580 4385 mirificum
613 4323 785 4386 addiscendi

70 4409 188 4467 inerant
210 4408 239 4464 iu
260 4405 482 4484 adolescentulo
505 4423 609 4483 magna
637 4406 784 4485 quaedam

71 4503 188 4547 morum
211 4488 345 4545 suavitas
366 4494 456 4562 atque
478 4489 654 4562 ingenuitas,
676 4494 706 4544 at
729 4488 788 4561 pie·

71 4570 142 4627 tatis
174 4568 291 4644 egregia
323 4567 457 4631 indoles,
489 4568 596 4626 idcirco
618 4575 786 4642 temporum

71 4649 299 4724 officiorumque
319 4657 466 4707 momenta
490 4649 647 4723 diligautar
666 4664 788 4724 parpen·

70 4728 157 4802 dens,
180 4728 250 4788 licet
271 4728 363 4804 major
385 4736 455 4788 natu
477 4731 555 4788 iutar
576 4729 683 4787 iratres
700 4733 792 4800 esset,

71 4818 159 4870 sustu
180 4807 296 4867 decimo
316 4810 422 4869 aetatis
442 4827 521 4870 anuo
546 4811 789 4886 congregationis

72 4908 166 4969 quam
188 4887 368 4950 Clericorum
393 4889 581 4968 llagularium
605 4891 705 4949 Matris
738 4890 789 4948 ilai

72 4972 241 5043 nominant,
262 4969 407 5031 ineundae
427 4971 584 5032 consilium
611 4973 717 5048 coepit.
749 4971 790 5030 Re

858 415 1038 485 diliqanti'om
1059 414 1137 469 nihil
1151 418 1301 485 precatura
1320 416 1404 472 uliud
1412 419 1515 487 potui3
1530 421 1559 476 si
1627 450 1630 455 ·

858 506 953 555 autem
972 499 1034 569 liis,
1055 516 1126 572 qaae
1143 501 1294 571 praestiti,
1315 506 1553 576 contestatorio,

854 585 929 639 mitit
954 586 1015 655 ipso
1042 587 1139 640 uolnus
1166 585 1340 655 displicebo,
1370 590 1422 659 qiii
1447 605 1556 660 porum

857 686 966 739 occuper
991 669 1121 724 mihimet
1139 671 1247 739 placui.
1281 671 1318 728 ot
1339 671 1453 729 Latinis
1471 681 1556 749 atquo

858 756 973 810 italicis
992 755 1099 810 titteris
1118 756 1170 809 diu
1189 756 1289 823 vivus,
1309 770 1438 825 uuquror
1466 767 1493 815 ct
1523 775 1554 816 a·

859 846 960 910 (copto.

1008 925 1101 980 Lucos
1120 925 1223 981 tuitus
1241 925 1348 983 Sextii.
1369 928 1518 989 Muccot.

843 1105 998 1181 impetrata
1022 1104 1172 1183 Neapolim
1196 1104 1333 1164 atacrtiai
1354 1109 1451 1183 petiit,
1468 1106 1567 1187 ibique

842 1186 869 1242 iii
904 1187 1082 1262 tyrocinium
1118 1189 1272 1260 ingressus
1304 1195 1370 1262 ast3
1407 1206 1467 1266 qun
1501 1198 1568 1265 post

842 1265 1003 1324 triauuium
1032 1267 1178 1336 contacto,
1201 1266 1338 1342 iocisque
1375 1270 1564 1332 solamnibus

840 1347 971 1415 emissis,
1000 1349 1107 1406 Lucam
1143 1347 1278 1415 insaniit,
1303 1353 1335 1404 ut
1365 1348 1568 1425 Philosophiae

840 1443 960 1502 oparam
983 1426 1075 1486 daret.
1098 1426 1118 1485 F
1124 1424 1298 1486 astidiosum
1318 1426 1478 1488 admodum
1496 1437 1561 1493 arat

841 1507 940 1565 adhuc
962 1516 1052 1584 atqua
1076 1505 1260 1566 horridulum
1287 1505 1313 1564 id
1337 1508 1426 1565 studii
1449 1526 1562 1587 gauuS,

840 1590 950 1663 quippe
988 1589 1126 1647 inanibus
1158 1588 1278 1644 omuino
1311 1586 1565 1664 disputationibus

840 1669 930 1725 uimis
952 1672 1144 1744 permistum.
1161 1668 1292 1726 lilausius
1316 1670 1487 1747 ltaquc‚qul
1513 1688 1563 1730 va·

840 1747 928 1806 liilam
953 1750 1110 1807 utilitatum
1142 1754 1233 1822 atquc
1266 1749 1421 1807 scientiam
1457 1756 1562 1811 natura

839 1827 1021 1887 admonente.
1046 1833 1246 1904 maximopara
1270 1829 1437 1903 appctabat,
1463 1830 1560 1890 haisti

840 1911 968 1984 patmum
985 1910 1216 1987 aliquantispar3
1231 1925 1297 1966 mox
1313 1917 1412 1967 tamaii
1431 1925 1464 1967 se
1481 1912 1563 1969 omni
1590 1964 1597 1975 ,

841 1989 975 2046 molestia
998 1990 1158 2066 aripadivit,
1182 1987 1236 2045 hoc
1259 1987 1312 2048 sibi
1338 2006 1396 2048 uno
1430 1992 1564 2069 proposi-

841 2075 890 2139 ιο,
912 2077 944 2126 ut
966 2086 1042 2145 quaa
1066 2069 1178 2128 inutilia
1207 2076 1331 2143 assant,
1362 2085 1464 2128 sacam
1497 2073 1562 2146 ipse

843 2160 1007 2224 respuerat,
1033 2151 1146 2208 utiliora
1169 2164 1203 2207 ac
1231 2152 1343 2206 veriora
1366 2149 1471 2208 sadulo
1489 2152 1563 2209 oril-

841 2237 1053 2305 parat,catera
1073 2227 1281 2289 tautummodo
1299 2227 1452 2287 delibaret.
1470 2230 1563 2300 Quid·

840 2310 910 2386 quid
935 2312 1046 2368 intaraa
1069 2312 1122 2368 sibi
1146 2320 1210 2368 arat
1232 2309 1292 2376 otii,
1315 2312 1497 2382 optimorum
1514 2328 1561 2371 sa·

841 2407 908 2449 craa.
932 2392 1119 2466 potissimum
1143 2390 1318 2449 ciiiilitiouis
1340 2389 1479 2448 librorum
1504 2391 1562 2451 lec·

842 2474 913 2529 tloui
936 2472 962 2528 ld
986 2488 1073 2529 oiiiuii
1097 2471 1253 2538 tribuebat,
1276 2468 1355 2545 quod
1388 2470 1562 2546 quidamst

845 2568 914 2608 vaco
936 2553 1102 2611 studiosius
1125 2555 1301 2628 praestitum
1324 2549 1360 2608 ab
1377 2567 1411 2607 ao
1427 2550 1491 2622 luit,
1510 2569 1561 2628 po·

841 2639 904 2690 staa
928 2649 1016 2709 quam
1040 2632 1074 2690 ad
1099 2634 1290 2708 Ttiaologicas
1319 2629 1493 2705 disciplinas
1526 2649 1561 2692 so

841 2713 1037 2772 libentissime
1055 2713 1224 2789 applicavit.
1241 2712 1375 2785 luganita
1395 2711 1485 2780 onim,
1500 2730 1560 2790 qua

840 2795 981 2854 tucansus
1003 2801 1075 2863 arat,
1092 2793 1317 2851 {tactastasiicae
1332 2793 1474 2850 historiae
1487 2795 1560 2852 sori·

838 2881 938 2951 ptores
958 2874 1124 2951 parlagaudi
1149 2874 1297 2948 cupiditas
1320 2873 1418 2931 satiari
1434 2876 1557 2935 minime

838 2962 970 3029 potarat;
993 2972 1083 3032 quam
1106 2953 1141 3012 ad
1166 2971 1227 3012 rain
1251 2969 1373 3029 graecas
1394 2957 1483 3012 atiani
1509 2956 1560 3014 lit-

838 3043 920 3094 taras
939 3037 992 3094 sibi
1016 3034 1147 3094 subsidio
1168 3035 1362 3108 comparavit.
1390 3034 1448 3093 Neo
1482 3052 1553 3094 varo

836 3119 1045 3193 antiquitatem
1058 3116 1151 3172 sulam
1171 3115 1328 3172 annalibus
1343 3116 1551 3189 consignatam

836 3201 861 3255 ci
886 3197 993 3256 libabat
1024 3195 1174 3264 evolvam,
1197 3201 1226 3251 at
1248 3195 1414 3269 cognitioni
1436 3198 1558 3272 assequi

837 3285 867 3334 ot
884 3280 1022 3336 memoria
1042 3278 1148 3352 sepire,
1167 3291 1272 3333 varum
1291 3275 1378 3331 ctiam
1395 3290 1559 3350 quaecum·

837 3374 895 3433 qua
919 3357 944 3413 id
968 3373 1063 3432 gauiis
1084 3359 1295 3413 aiiiittarcutur
1317 3355 1345 3411 lu
1366 3353 1472 3423 lucam,
1491 3372 1557 3431 per·

836 3437 943 3513 cupido
969 3436 1172 3514 conquirebat,
1207 3444 1238 3492 iit
1269 3432 1556 3513 animadversiones,

837 3521 860 3576 si
881 3536 957 3595 quau
972 3519 1182 3595 antiquitatem
1200 3517 1393 3584 illustrarent,
1410 3523 1441 3574 ut
1456 3533 1560 3575 emen·

837 3598 972 3658 datioiias
994 3609 1045 3657 aut
1068 3599 1211 3657 isiciorum
1230 3603 1282 3656 aut
1301 3602 1469 3671 temporum
1485 3600 1560 3656 acri·

837 3686 883 3738 tar
911 3682 1125 3756 introspiceret,
1152 3694 1186 3736 ac
1219 3686 1299 3735 racto
1332 3679 1452 3735 criticae
1485 3679 1559 3738 artis

838 3778 895 3820 usu
917 3760 954 3818 de
976 3758 1171 3835 ganuiuis‚dc
1194 3758 1367 3834 suppositis,
1379 3756 1416 3814 dc
1434 3759 1559 3818 iucartis

836 3841 999 3920 piudantar
1020 3856 1198 3917 cognoscere
1216 3845 1412 3897 assuesceret.
1436 3838 1555 3898 Studio·

837 3941 903 3983 ruiu
922 3922 1068 3980 curriculo
1083 3921 1120 3978 dc
1140 3937 1219 3978 uiorc
1238 3920 1382 3990 absoluto,
1400 3936 1469 3978 cuin
1490 3919 1556 3977 t’hi-

837 4004 986 4073 losophiaa
1009 4004 1148 4077 primum.
1170 3999 1277 4057 deiude
1300 3998 1474 4073 'lliaologiae
1500 4006 1559 4058 tra·

838 4084 953 4143 dandae
975 4084 1021 4141 sui
1045 4081 1262 4157 praalacaruut,
1284 4097 1343 4156 quo
1376 4081 1446 4137 llam
1483 4085 1559 4138 tem·

840 4181 909 4243 pora
923 4164 992 4221 iiiliil
1006 4180 1020 4220 a
1036 4164 1141 4237 privati
1156 4159 1247 4219 studii
1262 4163 1399 4220 instituto
1415 4162 1555 4236 recessim

841 4262 936 4322 nequa
959 4243 1145 4302 iubacitttias
1167 4244 1297 4315 corporis
1319 4248 1349 4298 et
1372 4242 1478 4299 virium
1513 4242 1557 4299 lu-

841 4326 986 4393 firmitas‚
1009 4340 1066 4400 qua
1091 4324 1237 4382 laboravit
1262 4321 1443 4398 aliquandiu,
1475 4336 1558 4380 cnm·

842 4403 993 4464 mantaudi
1017 4405 1153 4482 plurima,
1176 4404 1300 4480 plurima
1322 4399 1478 4480 indagandi
1498 4419 1559 4460 me·

842 4486 1016 4564 ditandique
1050 4486 1223 4543 ariditatem
1247 4487 1274 4539 in
1294 4480 1408 4559 juvaua,
1433 4480 1560 4540 iucradl=

843 4566 930 4625 bilam
959 4567 1138 4625 retardabat.
1170 4563 1227 4624 Sed
1260 4573 1454 4640 posteaquam
1485 4564 1557 4622 sutis

844 4648 957 4706 roboris
979 4647 1091 4717 habuit,
1114 4647 1140 4704 id
1163 4647 1188 4704 ci
1213 4644 1346 4702 muueris
1359 4644 1556 4703 commissum

844 4728 899 4787 luit
917 4736 949 4787 ut
964 4729 1042 4786 illam
1063 4728 1178 4795 publico
1196 4727 1441 4800 interpretaretur
1458 4723 1556 4781 Thoo-

843 4809 936 4883 lagiae
959 4817 1072 4886 partam
1094 4824 1170 4885 quae
1191 4807 1267 4865 circa
1290 4819 1388 4862 moras
1409 4810 1558 4862 versatur.

844 4889 963 4950 lsthaeo
985 4905 1056 4948 saun
1078 4891 1200 4947 scientia
1224 4885 1389 4944 innumeris
1406 4886 1558 4961 quaestio-

846 4971 934 5031 nibus
955 4970 1060 5045 obsita,
1080 4967 1300 5029 sententiarum
1322 4966 1465 5026 varietata
1492 4981 1557 5042 per·
