3464 5318
207 359 267 420 sos
782 350 1119 414 cirnuoaus
1193 329 1197 336 ’

248 466 378 525 loaisae
394 459 618 526 citrssotns
632 460 749 538 Gallus,
760 461 833 522 Ord.
846 462 932 521 Prae-
959 504 966 512 .
984 467 1063 540 teste
1079 459 1205 519 Odorloo
1221 456 1373 535 llaynaldo
1394 456 1433 516 ad
1450 457 1479 516 b.
1495 472 1523 517 4.
1543 471 1573 514 n.
1593 456 1641 514 ts.
1661 453 1704 514 td

207 559 263 620 dic.
282 562 312 618 in
328 555 514 618 lluthenensi
531 555 693 616 conventu
710 555 801 616 rebus
825 555 931 616 huma·
984 553 1065 615 hunc
1093 553 1162 614 data
1188 557 1237 613 est
1256 550 1390 631 Epistola
1411 549 1552 611 Friderici
1575 547 1602 608 ll
1628 545 1704 626 apud

207 653 254 711 nis
269 650 412 711 valedixit
425 647 482 708 An.
498 649 585 709 4444.
600 649 727 728 Scripsit
736 647 767 707 44
783 647 827 708 IV
836 645 929 708 libros
983 651 1105 708 Petrum
1130 646 1168 706 de
1191 646 1293 706 Vineis
1321 645 1370 706 444.
1393 643 1440 705 49.
1458 643 1589 720 Scripsit
1609 639 1705 700 444444-

205 740 428 804 Sententiarum
456 757 509 819 pro
530 740 644 800 Tboma
668 740 817 800 adversus
843 742 927 799 toan.
983 746 1077 800 torem
1092 738 1295 819 Epistotorem
1310 741 1376 800 sive
1393 740 1551 800 Summam
1569 732 1703 794 444444444-

206 836 342 908 Scotum,
354 836 475 895 Petrum
490 832 846 909 Aureolumlt'omtnales
860 833 931 892 alio-
982 832 1043 908 ois,
1062 833 1091 893 h.
1112 850 1138 894 e.
1155 833 1193 894 de
1212 833 1300 894 modo
1322 828 1533 893 conscribendi
1554 829 1704 909 Epistolas

204 942 280 1004 sque
311 928 442 1001 Thomas
475 925 665 986 adversarios
692 926 826 985 venetiis
851 926 929 992 4483
983 934 1014 986 44
1029 927 1129 988 bullas
1150 926 1320 987 Pontificias
1344 929 1373 986 in
1397 923 1587 988 cancellaria
1602 923 1704 982 Roma·

204 1020 313 1080 edente
330 1021 442 1080 Thoma
453 1019 490 1080 de
502 1021 613 1080 Sancto
626 1018 786 1092 Germano,
800 1023 930 1095 quatuor
983 1006 1030 1080 na.
1045 1019 1129 1097 Opus
1150 1026 1199 1080 ost
1228 1019 1416 1093 miscellam,
1438 1017 1516 1078 seria
1539 1022 1573 1075 44
1587 1013 1702 1092 jocosa,

203 1111 278 1172 l'oll.
297 1112 391 1171 nitide
409 1113 437 1170 in
458 1112 505 1172 444.
521 1110 591 1171 inde
608 1108 667 1170 ibid
706 1111 784 1171 tstt
800 1153 808 1182 ,
830 1110 928 1185 4649,
982 1128 1088 1190 prosas
1100 1119 1131 1171 et
1144 1111 1304 1190 rhythmos
1317 1112 1495 1178 continens,
1508 1114 1542 1169 et
1556 1110 1588 1167 in
1601 1106 1702 1168 stolio

204 1206 292 1266 4589.
310 1205 384 1266 Vide
397 1204 543 1265 iacobum
560 1202 733 1264 Echardum
751 1209 823 1261 tom.
836 1203 847 1261 l
861 1218 928 1280 pag.
983 1205 1081 1265 thecis
1108 1205 1220 1265 Galliae
1248 1205 1368 1283 saepius
1386 1203 1527 1262 occurrit
1552 1201 1703 1261 8444444444

205 1297 264 1357 les
277 1298 327 1358 ubi
344 1299 436 1358 etiam
453 1297 490 1358 de
505 1295 689 1375 compendio
701 1294 780 1372 quod
792 1310 830 1355 ex
841 1301 929 1354 vasto
983 1296 1173 1376 epistolarem
1190 1304 1278 1359 vocat
1299 1296 1400 1357 Codex
1417 1293 1701 1366 lleilsbrunnensis,

202 1389 259 1450 hoc
272 1407 361 1469 opere
376 1392 573 1451 instituerunt
588 1389 685 1452 lacere
703 1386 814 1448 Paulus
826 1387 929 1448 844444-
982 1397 1060 1451 teste
1073 1390 1204 1451 44444444
1220 1407 1287 1468 pag.
1301 1390 1349 1448 86.
1364 1388 1548 1449 Particulam
1566 1385 1635 1463 ejus
1646 1384 1701 1445 444

203 1480 926 1557 naalsidorusdelsolanisetSilvesterPrierias.
981 1482 1026 1542 dit
1046 1484 1090 1542 lo.
1112 1483 1166 1543 Ge.
1183 1482 1317 1543 llahnius
1334 1480 1526 1541 Collectionis
1547 1481 1701 1540 ilistorico

173 1594 176 1599 ’
242 1572 531 1636 Bartholomoaasde
543 1571 840 1648 CAPUA,iGtusqui
851 1574 927 1633 ltea·
981 1590 1049 1636 rum
1066 1581 1148 1635 tomo
1159 1574 1190 1653 4,
1207 1591 1274 1654 pag.
1294 1571 1362 1634 279.
1379 1573 1627 1650 martyrologium
1640 1570 1699 1652 ejus

202 1669 260 1748 poli
276 1670 332 1729 lus
348 1668 444 1730 Civile
460 1667 577 1742 docuit,
592 1665 732 1743 diemque
749 1666 822 1725 obiit
838 1665 926 1725 Anno
979 1674 1082 1730 exstat
1105 1669 1137 1727 ia
1163 1667 1237 1729 ltibl.
1259 1666 1421 1740 Vaticana,
1448 1672 1529 1725 toste
1556 1667 1644 1726 44444.
1667 1664 1699 1722 de

203 1764 255 1827 434
263 1762 291 1820 6.
303 1763 344 1822 ita
355 1762 436 1821 enim
454 1757 499 1821 iis
514 1765 576 1818 octo
594 1757 702 1835 ineius
718 1758 867 1836 epitaphio
878 1775 927 1818 ac·
978 1762 1168 1824 llontiauoon
1182 1762 1255 1823 sibl.
1271 1759 1523 1821 bibliothecarum
1541 1758 1626 1820 tiss,
1639 1775 1699 1836 pag.

200 1854 329 1932 cipiendi
354 1853 432 1932 apud
451 1852 650 1913 Pancirollum
667 1868 758 1929 quem
782 1853 807 1910 si
828 1850 926 1928 placet
981 1855 1029 1917 tt.
1046 1856 1198 1934 Epistolae
1214 1857 1244 1915 in
1258 1854 1331 1915 Bibl.
1352 1855 1443 1932 llegia
1464 1853 1620 1925 Parisino,
1637 1849 1697 1909 ibid.

176 1934 270 2008 'vide
288 1947 451 2024 14444444.
469 1946 506 2004 48
523 1944 660 2006 daturis
677 1945 901 2022 interpretibus.
981 1967 1046 2028 pag.
1065 1946 1133 2008 937.
1155 1945 1240 2009 444444
1262 1948 1364 2026 Toppii
1384 1945 1457 2006 stol.
1480 1945 1698 2023 Neapolitanam

238 2036 411 2099 1444444444
422 2038 562 2114 CAPUA,
574 2026 875 2098 eircannnum'tasa
888 2054 926 2097 ox
981 2059 1046 2120 pag.
1065 2042 1134 2102 494.
1150 2039 1267 2100 Oldoint
1283 2038 1472 2100 Athenaeum
1489 2039 1658 2098 itomanam
1673 2053 1697 2114 p.

198 2131 341 2194 Hebraico
358 2133 461 2207 vertit,
473 2131 664 2192 etblatthaeo
681 2130 760 2190 tituli
775 2131 805 2191 S.
816 2132 924 2190 Mariae
979 2136 1047 2196 628.
1066 2134 1218 2197 Oudinum
1236 2139 1317 2193 tomo
1336 2133 1396 2208 lIl,
1413 2149 1480 2211 pag.
1499 2133 1549 2191 86.

198 2228 228 2285 in
246 2227 364 2287 Portica
378 2226 410 2283 44.
435 2224 470 2283 Ε.
488 2223 638 2284 cardinali
664 2219 814 2282 dedicavit
835 2222 924 2282 Dire-
1017 2226 1412 2289 CARAltOCUSMonachus
1422 2223 1694 2286 OrdinisBenedict

197 2317 326 2379 44444444
342 2316 492 2377 samanae
507 2314 606 2389 vitoe,
625 2314 704 2392 quod
716 2317 758 2374 ait
771 2332 809 2375 ex
822 2316 924 2394 lingua
976 2321 1254 2381 Lanoarovanensis
1268 2317 1480 2380 circahnnum
1492 2319 1573 2380 tiso
1585 2318 1695 2395 scripsit

197 2409 340 2476 todorum
358 2425 483 2468 versum
499 2409 530 2466 in
546 2408 708 2482 Persicam,
722 2407 791 2467 inde
806 2409 837 2466 in
850 2408 925 2467 Ara·
976 2412 1144 2474 Historiam
1156 2412 1314 2472 britonem
1330 2414 1395 2472 sive
1407 2410 1627 2470 Britannorum
1635 2425 1693 2469 444

197 2503 295 2562 bisam
309 2508 340 2563 et
356 2518 394 2563 44
411 2500 538 2562 Arabica
559 2501 589 2559 in
618 2499 793 2560 llebraeam.
813 2500 924 2560 Prodiit
977 2505 1136 2580 cessiones,
1164 2508 1230 2565 sive
1252 2512 1288 2565 ut
1307 2509 1355 2565 ost
1382 2506 1418 2570 in
1444 2502 1577 2563 disticho
1607 2504 1692 2562 444444

197 2596 263 2656 sine
276 2595 331 2656 loci
349 2600 380 2655 et
396 2595 467 2653 anni
485 2599 555 2653 nota
586 2595 614 2651 in
647 2593 693 2653 lol.
722 2593 921 2654 Directorium
978 2598 1056 2676 apud
1074 2601 1222 2670 Pitseum,
1239 2598 1393 2672 vossium,
1411 2597 1563 2674 aliosque:

195 2687 253 2749 ¹¹⁰⁰
265 2689 401 2748 minei
416 2692 520 2746 ”mum
532 2685 640 2792 librum
654 2682 754 2746 caula
768 2691 798 2744 εἰ
810 2685 919 2788 Dima
984 2720 1122 2766 lllstorlam
1136 2718 1269 2766 britonum
1284 2713 1375 2766 doetus
1391 2717 1496 2778 scripsit
1511 2713 1681 2764 (4444440664

196 2783 262 2841 sive
280 2779 412 2856 Σ44φ4444
423 2796 474 2845 rna
494 2797 543 2838 44444
558 2777 755 2856 Ἰχνηλοίτην,
777 2778 814 2838 de
831 2794 919 2855 cujus
1014 2794 1074 2841 rost
1091 2789 1291 2842 cadwallsdrum
1307 2791 1376 2850 regia
1392 2794 1492 2859 seeptro
1510 2797 1615 2839 nouus.

196 2874 289 2935 variis
305 2873 495 2934 versionibus
512 2879 543 2932 et
560 2870 773 2949 interpretibus
789 2870 851 2930 diri
868 2887 921 2930 vo
974 2880 1078 2940 Latine
1095 2895 1154 2938 non
1171 2879 1343 2938 Britannice
1365 2879 1532 2955 scripsisse
1552 2877 1693 2956 persuasit

195 2965 269 3026 lum.
288 2966 334 3027 Vl.
352 2965 550 3027 Bibliothecae
565 2964 696 3024 Graecae
712 2980 769 3041 pag
784 2962 839 3022 466
854 2980 918 3041 seq.
974 2971 1030 3032 sihi
1047 2970 1198 3032 Lelandus
1214 2986 1240 3030 e.
1260 2971 1317 3030 iss
1335 2971 1386 3047 qui
1405 2969 1562 3032 editurum
1579 2987 1690 3049 quoque

196 3059 349 3138 insignem
367 3060 396 3118 in
407 3058 457 3118 illo
474 3058 665 3136 apologorum
678 3057 850 3116 sinensium
865 3074 921 3116 nu·
967 3065 1002 3123 'si
1018 3065 1137 3142 uspiam
1152 3069 1255 3138 estet,
1269 3078 1345 3141 opus
1363 3061 1435 3124 illud
1454 3065 1578 3142 recepit.
1602 3065 1692 3140 lisque

195 3170 314 3214 merum
342 3154 503 3228 contineri,
533 3149 745 3228 praeclaraque
776 3151 920 3209 scientiae
974 3156 1012 3218 ad
1029 3155 1272 3217 eadivalledrum
1289 3154 1644 3233 RegemVenedotarum
1659 3157 1692 3214 si-

194 3248 315 3309 moralis
326 3263 361 3307 44
375 3247 511 3325 politicae
525 3250 684 3322 praecepta
696 3241 863 3319 lapidarum
879 3242 921 3302 la·
974 3265 1013 3310 ve
1033 3247 1070 3308 ad
1088 3247 1144 3308 An.
1156 3248 1213 3307 676
1231 3247 1386 3308 historiam
1402 3247 1591 3327 produxerat
1608 3246 1690 3309 Gaul·

193 3341 331 3402 bularum
348 3355 431 3398 more
447 3337 595 3415 propinari
614 3336 730 3394 notavit
747 3333 842 3393 David
855 3335 919 3394 llil-
972 3345 1057 3403 teras
1089 3339 1230 3403 colanias
1257 3339 1295 3400 de
1321 3356 1382 3417 quo
1405 3356 1509 3417 supra.
1535 3340 1694 3406 cadwalla-

192 3435 251 3494 lius
261 3433 401 3492 Oratione
411 3428 528 3489 erudita
538 3427 575 3487 de
590 3426 697 3487 tabulis
708 3427 916 3500 Orientalium,
970 3432 1025 3494 dro
1057 3432 1181 3495 ldwalla
1208 3433 1367 3493 successit.
1397 3433 1531 3494 ilistoria
1561 3432 1692 3498 caradoci

191 3525 319 3602 Traiecti
337 3521 429 3595 4746,
448 3522 465 3581 4
483 3519 562 3580 edita
579 3537 644 3598 pag.
664 3520 710 3580 to.
969 3527 1029 3586 tls.
1060 3527 1090 3583 in
1117 3526 1210 3586 variis
1236 3523 1361 3604 Angliae
1381 3525 1595 3600 bibliothecis,
1621 3528 1692 3586 siout

234 3617 359 3677 Thomas
375 3613 410 3674 ds
427 3611 769 3688 anabaptistae
783 3611 820 3673 ad
837 3613 915 3674 tata
973 3618 1038 3678 Vita
1055 3615 1161 3677 Giidoo
1186 3613 1311 3677 Aibom’i
1325 3619 1461 3695 quoque,
1490 3617 1564 3680 vide
1585 3619 1690 3680 Usserii

194 3710 381 3782 Cardinalis,
403 3709 530 3785 scriptor
560 3707 710 3767 variorum
739 3703 915 3785 hymnorum
968 3708 1115 3788 Antiquit.
1129 3709 1291 3770 Britannis.
1307 3709 1442 3788 pag.th
1453 3709 1612 3772 oudinum
1622 3717 1690 3769 tom.

193 3804 369 3881 (dequibus
386 3801 420 3861 G.
435 3799 546 3878 loseph
567 3800 648 3877 Eggs
666 3799 696 3858 in
713 3816 846 3878 purpura
863 3798 915 3859 do-
967 3820 1034 3882 pag.
1047 3803 1124 3863 4445
1135 3818 1199 3878 seq.
1208 3799 1376 3862 Librumdc
1387 3799 1449 3862 situ
1463 3798 1559 3863 Orbis
1568 3808 1601 3863 et
1615 3801 1693 3864 Gom·

191 3903 241 3958 cta
257 3913 323 3975 pag.
342 3892 412 3970 434)
430 3900 462 3954 44
487 3894 628 3954 Summae
648 3890 818 3952 dictaminis
840 3893 913 3952 varii
967 3895 1149 3956 mestorium
1165 3896 1194 3954 in
1212 3892 1337 3953 4444444
1357 3891 1484 3955 Martini
1504 3894 1691 3975 Prophetiam

190 3985 464 4070 argumentijocosi
474 3987 605 4063 seritque
618 4002 706 4063 prosa
717 3993 749 4046 et
762 3985 913 4063 rhythmo,
967 3993 1135 4049 memorant
1151 3988 1260 4049 Baleus
1275 3994 1384 4048 centur
1400 3988 1419 4047 4
1437 4003 1504 4067 cap.
1532 3987 1572 4049 87
1594 3996 1626 4049 44
1641 3990 1691 4049 l'it-

188 4082 226 4143 de
243 4081 364 4161 qua-MS
375 4082 404 4138 in
416 4081 508 4140 variis
519 4079 710 4140 bibliothecis
721 4078 874 4140 Oudinum
886 4081 912 4138 si
967 4098 1039 4142 sens
1054 4098 1120 4159 pag.
1141 4081 1220 4154 als,
1242 4082 1293 4158 qui
1316 4086 1449 4141 testatur
1470 4081 1575 4142 Vitam
1596 4081 1691 4143 Gildae

189 4175 288 4253 placet
301 4174 368 4233 vide
382 4180 454 4231 tom.
464 4174 503 4232 lll
516 4190 544 4250 p.
556 4174 594 4232 86
607 4190 671 4250 seq.
683 4174 723 4234 Et
737 4191 774 4232 ax
790 4180 811 4232 t.
824 4174 870 4233 vl.
966 4174 1150 4237 Caradocum
1168 4173 1223 4233 hoc
1237 4172 1422 4232 conclusisse
1437 4172 1584 4235 disticho:

231 4267 383 4330 attollas
400 4265 580 4344 capuanos,
595 4282 612 4324 a
626 4267 721 4344 patria
736 4267 778 4325 sic
792 4265 910 4342 dictus,

190 4360 246 4422 44.
267 4361 346 4423 tato
361 4360 397 4420 aa
411 4361 537 4420 bonorto
552 4360 591 4419 ur
607 4357 773 4418 Cardtualis
789 4358 916 4436 444444--
978 4328 1637 4465 ωξξξζξξζξῖἧῗ’,5ζᾷῗὲἷζῗῖξέζζῖζῖἶῗῖἷω4

197 4456 306 4514 444444.
325 4453 355 4513 8.
374 4453 500 4513 Sabinae
517 4458 638 4512 creatus
659 4457 716 4510 est.
738 4450 860 4512 Duabus
876 4453 917 4511 lc-

162 4571 163 4574 *
189 4546 358 4628 gationibus
375 4564 392 4607 a
409 4546 551 4624 Gregorio
569 4545 611 4603 444
629 4541 780 4605 adhibitus
797 4550 864 4620 est,
883 4547 912 4605 in
967 4540 1010 4600 De
1025 4538 1087 4597 vita
1099 4533 1240 4597 caradoci
1257 4533 1327 4594 vide
1345 4534 1441 4611 inira,
1459 4533 1618 4614 sylvester
1633 4536 1692 4597 Gl-

187 4658 316 4718 quarum
338 4641 431 4700 altera
453 4638 509 4699 An.
529 4637 605 4698 taso
631 4654 736 4716 pacem
759 4638 837 4698 inter
853 4640 915 4699 Fri·
967 4631 1129 4695 RALDUS.

186 4734 320 4795 derisum
343 4740 373 4793 et
395 4736 504 4812 Papam
531 4732 717 4793 conciliavit.
744 4731 915 4795 Patriarcha
1008 4723 1130 4784 P⁰tiittt
1147 4719 1495 4796 CARBONELLUS‚de
1513 4725 1688 4804 Bottingait.

191 4845 311 4905 quoque
328 4826 617 4902 hierosolymitanus
633 4832 754 4887 creatus
774 4830 842 4899 est,
859 4824 913 4884 sed
967 4819 1149 4893 Catalanus,
1163 4813 1285 4876 Ordinis
1295 4815 1443 4875 llinorum
1458 4814 1691 4890 decessitevita

192 4937 210 4982 a
224 4919 366 4980 Pontifice
384 4936 442 4978 non
457 4918 614 4986 dimissus.
631 4921 682 4997 qui
697 4918 818 4978 Graecis
832 4914 912 4976 hunc
967 4916 1046 4974 circa
1062 4911 1185 4972 Annum
1204 4905 1292 4970 tssr.
1314 4907 1493 4988 Composuit
1509 4909 1688 4973 Commenta·

185 5019 307 5074 tantum
326 5014 425 5075 virum
444 5012 606 5079 inridebat.
618 5013 744 5079 lloritur
757 5008 816 5074 dn.
832 5010 910 5073 4439
965 5007 1030 5070 rios
1043 5006 1074 5068 io
1086 5002 1232 5065 44444444
1243 4994 1398 5083 Biblines
1413 5003 1533 5073 44444444
1543 5001 1687 5079 Patribus
