<?xml version="1.0" encoding="UTF-8"?>
<!DOCTYPE html PUBLIC "-//W3C//DTD XHTML 1.0 Transitional//EN"
    "http://www.w3.org/TR/xhtml1/DTD/xhtml1-transitional.dtd">
<html xmlns="http://www.w3.org/1999/xhtml" xml:lang="en" lang="en">
 <head>
  <title>
</title>
<meta http-equiv="Content-Type" content="text/html;charset=utf-8" />
  <meta name='ocr-system' content='tesseract 3.04.00' />
  <meta name='ocr-capabilities' content='ocr_page ocr_carea ocr_par ocr_line ocrx_word'/>
</head>
<body>
  <div class='ocr_page' id='page_1' title='image "./bibliothecalati00gallgoog/bibliothecalati00gallgoog_0596.png"; bbox 0 0 3458 5332; ppageno 0'>
   <div class='ocr_carea' id='block_1_1' title="bbox 49 356 1558 745">
    <p class='ocr_par' dir='ltr' id='par_1_1' title="bbox 49 356 1558 745">
     <span class='ocr_line' id='line_1_1' title="bbox 1489 356 1546 429; baseline 0.018 -1"><span class='ocrx_word' id='word_1_1' title='bbox 1489 356 1546 429; x_wconf 70' lang='grc'><strong>444</strong></span> 
     </span>
     <span class='ocr_line' id='line_1_2' title="bbox 51 469 1556 555; baseline 0 -18"><span class='ocrx_word' id='word_1_2' title='bbox 51 478 101 537; x_wconf 83' lang='grc'><strong>444</strong></span> <span class='ocrx_word' id='word_1_3' title='bbox 119 474 245 554; x_wconf 82' lang='lat' dir='ltr'><strong>spinosa</strong></span> <span class='ocrx_word' id='word_1_4' title='bbox 264 472 313 534; x_wconf 90' lang='lat' dir='ltr'><strong>lib.</strong></span> <span class='ocrx_word' id='word_1_5' title='bbox 328 473 359 532; x_wconf 77' lang='lat'><strong>2.</strong></span> <span class='ocrx_word' id='word_1_6' title='bbox 374 469 599 550; x_wconf 74' lang='lat' dir='ltr'><strong>Antiquitatum</strong></span> <span class='ocrx_word' id='word_1_7' title='bbox 616 470 772 551; x_wconf 77' lang='grc'><strong>444444444-</strong></span> <span class='ocrx_word' id='word_1_8' title='bbox 837 470 950 532; x_wconf 83' lang='lat' dir='ltr'><strong>tutione</strong></span> <span class='ocrx_word' id='word_1_9' title='bbox 966 487 1144 552; x_wconf 80' lang='lat' dir='ltr'><strong>oppressum</strong></span> <span class='ocrx_word' id='word_1_10' title='bbox 1160 490 1168 530; x_wconf 90' lang='lat'><em>:</em></span> <span class='ocrx_word' id='word_1_11' title='bbox 1184 470 1455 555; x_wconf 72' lang='lat' dir='ltr'><strong>Conjectetoliqms</strong></span> <span class='ocrx_word' id='word_1_12' title='bbox 1467 474 1556 537; x_wconf 84' lang='lat' dir='ltr'><strong>Clau·-</strong></span> 
     </span>
     <span class='ocr_line' id='line_1_3' title="bbox 49 561 1556 649; baseline -0.001 -20"><span class='ocrx_word' id='word_1_13' title='bbox 49 571 131 629; x_wconf 80' lang='lat' dir='ltr'><strong>eium</strong></span> <span class='ocrx_word' id='word_1_14' title='bbox 155 568 197 628; x_wconf 89' lang='lat' dir='ltr'><strong>ait</strong></span> <span class='ocrx_word' id='word_1_15' title='bbox 229 564 378 645; x_wconf 84' lang='lat' dir='ltr'>quaedam</span> <span class='ocrx_word' id='word_1_16' title='bbox 405 580 476 626; x_wconf 86' lang='lat' dir='ltr'><strong>eum</strong></span> <span class='ocrx_word' id='word_1_17' title='bbox 495 561 645 625; x_wconf 82' lang='lat' dir='ltr'><strong>Hebraico</strong></span> <span class='ocrx_word' id='word_1_18' title='bbox 660 565 774 645; x_wconf 85' lang='lat' dir='ltr'><strong>scripta</strong></span> <span class='ocrx_word' id='word_1_19' title='bbox 834 566 917 628; x_wconf 91' lang='lat' dir='ltr'><strong>dium</strong></span> <span class='ocrx_word' id='word_1_20' title='bbox 943 565 1063 649; x_wconf 72' lang='lat' dir='ltr'><strong>foisse,</strong></span> <span class='ocrx_word' id='word_1_21' title='bbox 1095 565 1238 627; x_wconf 86' lang='lat' dir='ltr'><strong>Gordiani</strong></span> <span class='ocrx_word' id='word_1_22' title='bbox 1265 562 1556 648; x_wconf 72' lang='lat' dir='ltr'><strong>filium,lh1lgentil</strong></span> 
     </span>
     <span class='ocr_line' id='line_1_4' title="bbox 50 658 1558 745; baseline -0.002 -21"><span class='ocrx_word' id='word_1_23' title='bbox 50 663 222 740; x_wconf 78' lang='lat' dir='ltr'><strong>reliquisse.</strong></span> <span class='ocrx_word' id='word_1_24' title='bbox 235 658 349 720; x_wconf 77' lang='lat' dir='ltr'><strong>Mirator</strong></span> <span class='ocrx_word' id='word_1_25' title='bbox 362 662 416 733; x_wconf 85' lang='lat' dir='ltr'><strong>eat,</strong></span> <span class='ocrx_word' id='word_1_26' title='bbox 435 658 532 735; x_wconf 89' lang='lat' dir='ltr'><strong>inquit</strong></span> <span class='ocrx_word' id='word_1_27' title='bbox 549 658 724 735; x_wconf 88' lang='lat' dir='ltr'><strong>Bollandus,</strong></span> <span class='ocrx_word' id='word_1_28' title='bbox 741 676 779 719; x_wconf 87' lang='lat' dir='ltr'><strong>eo</strong></span> <span class='ocrx_word' id='word_1_29' title='bbox 832 659 998 739; x_wconf 77' lang='lat' dir='ltr'><strong>Ruspenso&#39;s</strong></span> <span class='ocrx_word' id='word_1_30' title='bbox 1010 665 1133 741; x_wconf 81' lang='lat' dir='ltr'><strong>patrem</strong></span> <span class='ocrx_word' id='word_1_31' title='bbox 1145 705 1152 734; x_wconf 86' lang='lat'><strong>,</strong></span> <span class='ocrx_word' id='word_1_32' title='bbox 1166 658 1224 739; x_wconf 81' lang='lat' dir='ltr'><strong>poi</strong></span> <span class='ocrx_word' id='word_1_33' title='bbox 1238 676 1281 720; x_wconf 84' lang='lat' dir='ltr'><strong>eur</strong></span> <span class='ocrx_word' id='word_1_34' title='bbox 1294 659 1386 745; x_wconf 85' lang='lat' dir='ltr'><strong>ltolio</strong></span> <span class='ocrx_word' id='word_1_35' title='bbox 1401 674 1460 739; x_wconf 75' lang='lat' dir='ltr'><strong>qao</strong></span> <span class='ocrx_word' id='word_1_36' title='bbox 1480 659 1558 721; x_wconf 72' lang='lat' dir='ltr'><strong>Gon</strong></span> 
     </span>
    </p>
   </div>
   <div class='ocr_carea' id='block_1_2' title="bbox 616 358 987 426">
    <p class='ocr_par' dir='ltr' id='par_1_2' title="bbox 616 358 987 426">
     <span class='ocr_line' id='line_1_5' title="bbox 616 358 987 426; baseline 0.005 -4"><span class='ocrx_word' id='word_1_37' title='bbox 616 358 987 426; x_wconf 77' lang='lat' dir='ltr'><strong>FULGENTIUS</strong></span> 
     </span>
    </p>
   </div>
   <div class='ocr_carea' id='block_1_3' title="bbox 50 749 1560 1493">
    <p class='ocr_par' dir='ltr' id='par_1_3' title="bbox 50 749 1560 1493">
     <span class='ocr_line' id='line_1_6' title="bbox 52 749 1558 834; baseline 0.003 -23"><span class='ocrx_word' id='word_1_38' title='bbox 52 768 148 834; x_wconf 84' lang='lat' dir='ltr'><strong>opero</strong></span> <span class='ocrx_word' id='word_1_39' title='bbox 159 770 219 812; x_wconf 85' lang='lat' dir='ltr'><strong>non</strong></span> <span class='ocrx_word' id='word_1_40' title='bbox 228 749 371 834; x_wconf 72' lang='lat' dir='ltr'><strong>proferri</strong></span> <span class='ocrx_word' id='word_1_41' title='bbox 384 750 417 811; x_wconf 83' lang='lat' dir='ltr'><strong>in</strong></span> <span class='ocrx_word' id='word_1_42' title='bbox 429 749 524 811; x_wconf 83' lang='lat' dir='ltr'><strong>iucem</strong></span> <span class='ocrx_word' id='word_1_43' title='bbox 538 796 546 828; x_wconf 90' lang='lat'><strong>,</strong></span> <span class='ocrx_word' id='word_1_44' title='bbox 562 764 691 831; x_wconf 70' lang='lat' dir='ltr'><strong>qnorum</strong></span> <span class='ocrx_word' id='word_1_45' title='bbox 705 749 780 811; x_wconf 87' lang='lat' dir='ltr'><strong>olio·</strong></span> <span class='ocrx_word' id='word_1_46' title='bbox 833 753 927 814; x_wconf 82' lang='lat' dir='ltr'><strong>seriei</strong></span> <span class='ocrx_word' id='word_1_47' title='bbox 933 752 1025 834; x_wconf 80' lang='lat' dir='ltr'><strong>saror</strong></span> <span class='ocrx_word' id='word_1_48' title='bbox 1032 758 1191 833; x_wconf 82' lang='lat' dir='ltr'><strong>parentem</strong></span> <span class='ocrx_word' id='word_1_49' title='bbox 1197 751 1394 829; x_wconf 69' lang='lat' dir='ltr'><strong>exturbaret,</strong></span> <span class='ocrx_word' id='word_1_50' title='bbox 1411 768 1558 816; x_wconf 78' lang='lat' dir='ltr'><strong>reversus</strong></span> 
     </span>
     <span class='ocr_line' id='line_1_7' title="bbox 53 839 1558 929; baseline 0.001 -22"><span class='ocrx_word' id='word_1_51' title='bbox 53 847 147 929; x_wconf 85' lang='lat' dir='ltr'><strong>quin,</strong></span> <span class='ocrx_word' id='word_1_52' title='bbox 174 845 248 926; x_wconf 84' lang='lat' dir='ltr'><strong>quio</strong></span> <span class='ocrx_word' id='word_1_53' title='bbox 275 839 478 925; x_wconf 76' lang='lat' dir='ltr'><strong>antiquiorem</strong></span> <span class='ocrx_word' id='word_1_54' title='bbox 502 842 779 907; x_wconf 68' lang='lat' dir='ltr'><strong>narbonensem</strong></span> <span class='ocrx_word' id='word_1_55' title='bbox 834 848 865 909; x_wconf 86' lang='lat' dir='ltr'><strong>in</strong></span> <span class='ocrx_word' id='word_1_56' title='bbox 878 843 1036 928; x_wconf 75' lang='lat' dir='ltr'><strong>Africano,</strong></span> <span class='ocrx_word' id='word_1_57' title='bbox 1052 846 1144 909; x_wconf 75' lang='lat' dir='ltr'><strong>ooihs</strong></span> <span class='ocrx_word' id='word_1_58' title='bbox 1158 845 1401 926; x_wconf 71' lang='lat' dir='ltr'><strong>possessionibus</strong></span> <span class='ocrx_word' id='word_1_59' title='bbox 1416 862 1455 908; x_wconf 89' lang='lat' dir='ltr'><strong>oc</strong></span> <span class='ocrx_word' id='word_1_60' title='bbox 1471 846 1558 909; x_wconf 79' lang='lat' dir='ltr'><strong>dono</strong></span> 
     </span>
     <span class='ocr_line' id='line_1_8' title="bbox 51 936 1558 1021; baseline -0.001 -18"><span class='ocrx_word' id='word_1_61' title='bbox 51 939 216 1015; x_wconf 68' lang='lat' dir='ltr'><strong>habenas,</strong></span> <span class='ocrx_word' id='word_1_62' title='bbox 234 954 332 1020; x_wconf 82' lang='lat' dir='ltr'><strong>neque</strong></span> <span class='ocrx_word' id='word_1_63' title='bbox 348 937 503 1021; x_wconf 76' lang='lat' dir='ltr'><strong>affirmato</strong></span> <span class='ocrx_word' id='word_1_64' title='bbox 520 936 655 1019; x_wconf 84' lang='lat' dir='ltr'><strong>opinione</strong></span> <span class='ocrx_word' id='word_1_65' title='bbox 673 943 781 999; x_wconf 77' lang='lat' dir='ltr'><strong>nmtro</strong></span> <span class='ocrx_word' id='word_1_66' title='bbox 833 936 982 1020; x_wconf 80' lang='lat' dir='ltr'><strong>spoliatus</strong></span> <span class='ocrx_word' id='word_1_67' title='bbox 997 940 1105 1001; x_wconf 88' lang='lat' dir='ltr'><strong>merito</strong></span> <span class='ocrx_word' id='word_1_68' title='bbox 1120 939 1152 1000; x_wconf 88' lang='lat' dir='ltr'><strong>in</strong></span> <span class='ocrx_word' id='word_1_69' title='bbox 1169 938 1309 1020; x_wconf 81' lang='lat' dir='ltr'><strong>publicos</strong></span> <span class='ocrx_word' id='word_1_70' title='bbox 1330 940 1460 1021; x_wconf 82' lang='lat' dir='ltr'><strong>rapinas</strong></span> <span class='ocrx_word' id='word_1_71' title='bbox 1476 939 1558 1002; x_wconf 81' lang='lat' dir='ltr'><strong>inno·</strong></span> 
     </span>
     <span class='ocr_line' id='line_1_9' title="bbox 55 1030 1556 1114; baseline -0.004 -15"><span class='ocrx_word' id='word_1_72' title='bbox 55 1051 123 1099; x_wconf 85' lang='lat' dir='ltr'><strong>esso</strong></span> <span class='ocrx_word' id='word_1_73' title='bbox 142 1032 291 1109; x_wconf 77' lang='grc'><strong>44444444,</strong></span> <span class='ocrx_word' id='word_1_74' title='bbox 310 1033 401 1111; x_wconf 75' lang='lat' dir='ltr'><strong>(unde</strong></span> <span class='ocrx_word' id='word_1_75' title='bbox 418 1050 524 1113; x_wconf 90' lang='lat' dir='ltr'><strong>parum</strong></span> <span class='ocrx_word' id='word_1_76' title='bbox 543 1031 611 1092; x_wconf 85' lang='lat' dir='ltr'><strong>lidei</strong></span> <span class='ocrx_word' id='word_1_77' title='bbox 631 1032 691 1092; x_wconf 87' lang='lat' dir='ltr'><strong>illis</strong></span> <span class='ocrx_word' id='word_1_78' title='bbox 706 1048 781 1110; x_wconf 91' lang='lat' dir='ltr'><strong>quo-</strong></span> <span class='ocrx_word' id='word_1_79' title='bbox 833 1030 992 1096; x_wconf 71' lang='lat' dir='ltr'><strong>ninstidi</strong></span> <span class='ocrx_word' id='word_1_80' title='bbox 1010 1034 1101 1114; x_wconf 82' lang='lat' dir='ltr'><strong>queri</strong></span> <span class='ocrx_word' id='word_1_81' title='bbox 1108 1034 1274 1114; x_wconf 85' lang='lat' dir='ltr'><strong>potuitetc.</strong></span> <span class='ocrx_word' id='word_1_82' title='bbox 1288 1036 1368 1096; x_wconf 85' lang='lat' dir='ltr'><strong>llaec</strong></span> <span class='ocrx_word' id='word_1_83' title='bbox 1381 1034 1556 1097; x_wconf 88' lang='lat' dir='ltr'><strong>Bollandus.</strong></span> 
     </span>
     <span class='ocr_line' id='line_1_10' title="bbox 56 1126 1555 1209; baseline -0.003 -18"><span class='ocrx_word' id='word_1_84' title='bbox 56 1146 117 1209; x_wconf 90' lang='lat' dir='ltr'><strong>que</strong></span> <span class='ocrx_word' id='word_1_85' title='bbox 135 1127 242 1188; x_wconf 84' lang='lat' dir='ltr'><strong>tribuit</strong></span> <span class='ocrx_word' id='word_1_86' title='bbox 258 1127 398 1188; x_wconf 86' lang='lat' dir='ltr'><strong>Nicolaus</strong></span> <span class='ocrx_word' id='word_1_87' title='bbox 412 1127 564 1188; x_wconf 89' lang='lat' dir='ltr'><strong>Antonius</strong></span> <span class='ocrx_word' id='word_1_88' title='bbox 578 1169 584 1201; x_wconf 88' lang='lat'>‚</span> <span class='ocrx_word' id='word_1_89' title='bbox 600 1127 780 1204; x_wconf 87' lang='lat' dir='ltr'><strong>quiconsu-</strong></span> <span class='ocrx_word' id='word_1_90' title='bbox 873 1127 1114 1189; x_wconf 83' lang='lat' dir='ltr'><strong>FULGENTlUS</strong></span> <span class='ocrx_word' id='word_1_91' title='bbox 1125 1129 1295 1203; x_wconf 86' lang='lat' dir='ltr'><strong>Donatista,</strong></span> <span class='ocrx_word' id='word_1_92' title='bbox 1312 1127 1402 1206; x_wconf 84' lang='lat' dir='ltr'><strong>cujus</strong></span> <span class='ocrx_word' id='word_1_93' title='bbox 1418 1126 1555 1189; x_wconf 90' lang='lat' dir='ltr'><strong>libellum</strong></span> 
     </span>
     <span class='ocr_line' id='line_1_11' title="bbox 52 1213 1557 1299; baseline -0.003 -14"><span class='ocrx_word' id='word_1_94' title='bbox 52 1221 166 1285; x_wconf 90' lang='lat' dir='ltr'><strong>lendus</strong></span> <span class='ocrx_word' id='word_1_95' title='bbox 176 1222 226 1285; x_wconf 90' lang='lat' dir='ltr'><strong>lib.</strong></span> <span class='ocrx_word' id='word_1_96' title='bbox 237 1222 272 1281; x_wconf 88' lang='lat' dir='ltr'><strong>V.</strong></span> <span class='ocrx_word' id='word_1_97' title='bbox 285 1220 486 1283; x_wconf 86' lang='lat' dir='ltr'><strong>Bibliothecae</strong></span> <span class='ocrx_word' id='word_1_98' title='bbox 503 1220 619 1281; x_wconf 84' lang='lat' dir='ltr'><strong>veteris</strong></span> <span class='ocrx_word' id='word_1_99' title='bbox 628 1213 778 1299; x_wconf 66' lang='lat' dir='ltr'><strong>&#39;Hispanae</strong></span> <span class='ocrx_word' id='word_1_100' title='bbox 834 1223 1008 1283; x_wconf 79' lang='lat' dir='ltr'><strong>confutasse</strong></span> <span class='ocrx_word' id='word_1_101' title='bbox 1041 1223 1235 1283; x_wconf 74' lang='lat' dir='ltr'><strong>existimatus</strong></span> <span class='ocrx_word' id='word_1_102' title='bbox 1264 1228 1313 1282; x_wconf 89' lang='lat' dir='ltr'><strong>est</strong></span> <span class='ocrx_word' id='word_1_103' title='bbox 1345 1221 1557 1299; x_wconf 80' lang='lat' dir='ltr'><strong>Augustinus:</strong></span> 
     </span>
     <span class='ocr_line' id='line_1_12' title="bbox 53 1311 1560 1397; baseline -0.004 -18"><span class='ocrx_word' id='word_1_104' title='bbox 53 1334 118 1397; x_wconf 86' lang='lat' dir='ltr'><strong>cap.</strong></span> <span class='ocrx_word' id='word_1_105' title='bbox 139 1319 166 1378; x_wconf 92' lang='grc'><strong>4.</strong></span> <span class='ocrx_word' id='word_1_106' title='bbox 181 1317 189 1388; x_wconf 81' lang='lat' dir='ltr'><strong>l</strong></span> <span class='ocrx_word' id='word_1_107' title='bbox 207 1332 262 1376; x_wconf 87' lang='lat' dir='ltr'><strong>neo</strong></span> <span class='ocrx_word' id='word_1_108' title='bbox 284 1330 344 1396; x_wconf 81' lang='lat' dir='ltr'><strong>pro</strong></span> <span class='ocrx_word' id='word_1_109' title='bbox 369 1314 459 1375; x_wconf 83' lang='lat' dir='ltr'><strong>oona‘s</strong></span> <span class='ocrx_word' id='word_1_110' title='bbox 475 1318 702 1395; x_wconf 79' lang='lat' dir='ltr'><strong>pmeterntosm.</strong></span> <span class='ocrx_word' id='word_1_111' title='bbox 719 1311 784 1374; x_wconf 84' lang='lat' dir='ltr'><strong>Alii</strong></span> <span class='ocrx_word' id='word_1_112' title='bbox 834 1314 887 1375; x_wconf 88' lang='lat' dir='ltr'><strong>sed</strong></span> <span class='ocrx_word' id='word_1_113' title='bbox 905 1315 1014 1375; x_wconf 90' lang='lat' dir='ltr'><strong>librum</strong></span> <span class='ocrx_word' id='word_1_114' title='bbox 1030 1317 1142 1394; x_wconf 88' lang='lat' dir='ltr'><strong>scripto</strong></span> <span class='ocrx_word' id='word_1_115' title='bbox 1159 1314 1252 1392; x_wconf 84' lang='lat' dir='ltr'><strong>hujus</strong></span> <span class='ocrx_word' id='word_1_116' title='bbox 1269 1316 1418 1394; x_wconf 83' lang='lat' dir='ltr'><strong>Fulgentii</strong></span> <span class='ocrx_word' id='word_1_117' title='bbox 1440 1315 1560 1394; x_wconf 89' lang='lat' dir='ltr'><strong>oppost-</strong></span> 
     </span>
     <span class='ocr_line' id='line_1_13' title="bbox 50 1407 1559 1493; baseline -0.002 -23"><span class='ocrx_word' id='word_1_118' title='bbox 50 1407 245 1493; x_wconf 81' lang='lat' dir='ltr'><strong>probobiiins</strong></span> <span class='ocrx_word' id='word_1_119' title='bbox 271 1407 447 1490; x_wconf 82' lang='lat' dir='ltr'><strong>conpositos</strong></span> <span class='ocrx_word' id='word_1_120' title='bbox 475 1407 515 1468; x_wconf 87' lang='lat' dir='ltr'><strong>ab</strong></span> <span class='ocrx_word' id='word_1_121' title='bbox 542 1424 575 1469; x_wconf 81' lang='lat' dir='ltr'><strong>eo</strong></span> <span class='ocrx_word' id='word_1_122' title='bbox 603 1407 780 1470; x_wconf 67' lang='lat' dir='ltr'><strong>existimant</strong></span> <span class='ocrx_word' id='word_1_123' title='bbox 834 1416 919 1478; x_wconf 88' lang='lat' dir='ltr'><strong>tum,</strong></span> <span class='ocrx_word' id='word_1_124' title='bbox 946 1410 998 1487; x_wconf 89' lang='lat' dir='ltr'><strong>qui</strong></span> <span class='ocrx_word' id='word_1_125' title='bbox 1029 1410 1107 1469; x_wconf 91' lang='lat' dir='ltr'><strong>inter</strong></span> <span class='ocrx_word' id='word_1_126' title='bbox 1135 1408 1297 1489; x_wconf 81' lang='lat' dir='ltr'><strong>Augustini</strong></span> <span class='ocrx_word' id='word_1_127' title='bbox 1319 1425 1411 1488; x_wconf 89' lang='lat' dir='ltr'><strong>opera</strong></span> <span class='ocrx_word' id='word_1_128' title='bbox 1436 1407 1559 1487; x_wconf 87' lang='lat' dir='ltr'><strong>saepius</strong></span> 
     </span>
    </p>
   </div>
   <div class='ocr_carea' id='block_1_4' title="bbox 54 1499 1670 1584">
    <p class='ocr_par' dir='ltr' id='par_1_4' title="bbox 54 1499 1670 1584">
     <span class='ocr_line' id='line_1_14' title="bbox 54 1499 1670 1584; baseline -0.005 -18"><span class='ocrx_word' id='word_1_129' title='bbox 54 1511 118 1567; x_wconf 81' lang='lat' dir='ltr'><strong>tres</strong></span> <span class='ocrx_word' id='word_1_130' title='bbox 144 1500 396 1584; x_wconf 76' lang='lat' dir='ltr'><strong>diptboiopobratm</strong></span> <span class='ocrx_word' id='word_1_131' title='bbox 421 1499 524 1577; x_wconf 73' lang='lat' dir='ltr'><strong>libros,</strong></span> <span class='ocrx_word' id='word_1_132' title='bbox 548 1502 586 1563; x_wconf 89' lang='lat' dir='ltr'><strong>de</strong></span> <span class='ocrx_word' id='word_1_133' title='bbox 604 1503 715 1583; x_wconf 89' lang='lat' dir='ltr'><strong>quibus</strong></span> <span class='ocrx_word' id='word_1_134' title='bbox 732 1521 778 1564; x_wconf 87' lang='lat' dir='ltr'><strong>re-</strong></span> <span class='ocrx_word' id='word_1_135' title='bbox 834 1502 955 1576; x_wconf 85' lang='lat' dir='ltr'><strong>editus,</strong></span> <span class='ocrx_word' id='word_1_136' title='bbox 971 1511 1063 1581; x_wconf 91' lang='lat' dir='ltr'><strong>atque</strong></span> <span class='ocrx_word' id='word_1_137' title='bbox 1091 1520 1109 1562; x_wconf 89' lang='lat' dir='ltr'><strong>a</strong></span> <span class='ocrx_word' id='word_1_138' title='bbox 1136 1502 1339 1564; x_wconf 77' lang='lat' dir='ltr'><strong>benedictinis</strong></span> <span class='ocrx_word' id='word_1_139' title='bbox 1362 1504 1391 1562; x_wconf 91' lang='lat' dir='ltr'><strong>in</strong></span> <span class='ocrx_word' id='word_1_140' title='bbox 1413 1499 1559 1581; x_wconf 86' lang='lat' dir='ltr'><strong>appendi-</strong></span> <span class='ocrx_word' id='word_1_141' title='bbox 1666 1564 1670 1571; x_wconf 74' lang='lat'><strong>.</strong></span> 
     </span>
    </p>
   </div>
   <div class='ocr_carea' id='block_1_5' title="bbox 12 1593 793 4970">
    <p class='ocr_par' dir='ltr' id='par_1_5' title="bbox 55 1593 586 1661">
     <span class='ocr_line' id='line_1_15' title="bbox 55 1593 586 1661; baseline -0.009 0"><span class='ocrx_word' id='word_1_142' title='bbox 55 1601 136 1661; x_wconf 89' lang='lat' dir='ltr'><strong>otius</strong></span> <span class='ocrx_word' id='word_1_143' title='bbox 151 1599 181 1658; x_wconf 93' lang='lat' dir='ltr'><strong>in</strong></span> <span class='ocrx_word' id='word_1_144' title='bbox 203 1596 419 1657; x_wconf 82' lang='lat' dir='ltr'>FULGENTIO</span> <span class='ocrx_word' id='word_1_145' title='bbox 436 1593 586 1656; x_wconf 83' lang='lat' dir='ltr'><strong>Piaciode.</strong></span> 
     </span>
    </p>

    <p class='ocr_par' dir='ltr' id='par_1_6' title="bbox 12 1687 793 4970">
     <span class='ocr_line' id='line_1_16' title="bbox 90 1687 779 1753; baseline -0.003 0"><span class='ocrx_word' id='word_1_146' title='bbox 90 1689 213 1753; x_wconf 71' lang='lat' dir='ltr'><strong>‘Fabius</strong></span> <span class='ocrx_word' id='word_1_147' title='bbox 235 1687 384 1752; x_wconf 68' lang='lat' dir='ltr'><strong>conduc</strong></span> <span class='ocrx_word' id='word_1_148' title='bbox 416 1687 589 1751; x_wconf 77' lang='lat' dir='ltr'><strong>Gmdionos</strong></span> <span class='ocrx_word' id='word_1_149' title='bbox 614 1689 779 1751; x_wconf 72' lang='lat' dir='ltr'><strong>intenti-</strong></span> 
     </span>
     <span class='ocr_line' id='line_1_17' title="bbox 55 1783 777 1864; baseline -0.008 -16"><span class='ocrx_word' id='word_1_150' title='bbox 55 1786 144 1850; x_wconf 84' lang='lat' dir='ltr'><strong>TlUS</strong></span> <span class='ocrx_word' id='word_1_151' title='bbox 161 1786 196 1844; x_wconf 85' lang='lat' dir='ltr'><strong>V.</strong></span> <span class='ocrx_word' id='word_1_152' title='bbox 218 1785 251 1846; x_wconf 86' lang='lat' dir='ltr'><strong>C.</strong></span> <span class='ocrx_word' id='word_1_153' title='bbox 279 1789 384 1844; x_wconf 87' lang='lat' dir='ltr'><strong>auctor</strong></span> <span class='ocrx_word' id='word_1_154' title='bbox 415 1783 482 1844; x_wconf 86' lang='lat' dir='ltr'><strong>libri</strong></span> <span class='ocrx_word' id='word_1_155' title='bbox 503 1797 591 1862; x_wconf 91' lang='lat' dir='ltr'><strong>prosa</strong></span> <span class='ocrx_word' id='word_1_156' title='bbox 614 1784 724 1864; x_wconf 87' lang='lat' dir='ltr'><strong>scripta</strong></span> <span class='ocrx_word' id='word_1_157' title='bbox 746 1791 777 1843; x_wconf 93' lang='lat' dir='ltr'><strong>et</strong></span> 
     </span>
     <span class='ocr_line' id='line_1_18' title="bbox 57 1876 778 1956; baseline -0.006 -14"><span class='ocrx_word' id='word_1_158' title='bbox 57 1880 210 1942; x_wconf 77' lang='lat' dir='ltr'><strong>distributi</strong></span> <span class='ocrx_word' id='word_1_159' title='bbox 232 1880 262 1937; x_wconf 91' lang='lat' dir='ltr'><strong>in</strong></span> <span class='ocrx_word' id='word_1_160' title='bbox 284 1876 401 1938; x_wconf 88' lang='lat' dir='ltr'><strong>libellos</strong></span> <span class='ocrx_word' id='word_1_161' title='bbox 421 1878 541 1950; x_wconf 82' lang='lat' dir='ltr'><strong>xxiii,</strong></span> <span class='ocrx_word' id='word_1_162' title='bbox 559 1895 688 1956; x_wconf 91' lang='lat' dir='ltr'><strong>quorum</strong></span> <span class='ocrx_word' id='word_1_163' title='bbox 706 1880 778 1938; x_wconf 90' lang='lat' dir='ltr'><strong>titu-</strong></span> 
     </span>
     <span class='ocr_line' id='line_1_19' title="bbox 57 1968 779 2053; baseline -0.006 -17"><span class='ocrx_word' id='word_1_164' title='bbox 57 1976 128 2038; x_wconf 89' lang='lat' dir='ltr'><strong>lus:</strong></span> <span class='ocrx_word' id='word_1_165' title='bbox 146 1974 190 2033; x_wconf 86' lang='lat' dir='ltr'><strong>De</strong></span> <span class='ocrx_word' id='word_1_166' title='bbox 204 1968 357 2032; x_wconf 83' lang='lat' dir='ltr'><strong>aetatibus</strong></span> <span class='ocrx_word' id='word_1_167' title='bbox 372 1969 481 2033; x_wconf 74' lang='lat' dir='ltr'><strong>Mundi</strong></span> <span class='ocrx_word' id='word_1_168' title='bbox 493 1975 524 2031; x_wconf 86' lang='lat' dir='ltr'><strong>et</strong></span> <span class='ocrx_word' id='word_1_169' title='bbox 538 1971 683 2048; x_wconf 76' lang='lat' dir='ltr'><strong>Hominis,</strong></span> <span class='ocrx_word' id='word_1_170' title='bbox 705 1989 779 2053; x_wconf 81' lang='lat' dir='ltr'><strong>opus</strong></span> 
     </span>
     <span class='ocr_line' id='line_1_20' title="bbox 59 2063 779 2149; baseline -0.003 -20"><span class='ocrx_word' id='word_1_171' title='bbox 59 2067 223 2149; x_wconf 74' lang='lat' dir='ltr'><strong>mirificum</strong></span> <span class='ocrx_word' id='word_1_172' title='bbox 236 2112 241 2140; x_wconf 86' lang='lat'>‚</span> <span class='ocrx_word' id='word_1_173' title='bbox 256 2064 321 2127; x_wconf 81' lang='lat' dir='ltr'><strong>stite</strong></span> <span class='ocrx_word' id='word_1_174' title='bbox 336 2063 452 2141; x_wconf 84' lang='lat' dir='ltr'><strong>biteris,</strong></span> <span class='ocrx_word' id='word_1_175' title='bbox 467 2082 538 2126; x_wconf 88' lang='lat' dir='ltr'><strong>uam</strong></span> <span class='ocrx_word' id='word_1_176' title='bbox 556 2067 586 2124; x_wconf 92' lang='lat' dir='ltr'><strong>iu</strong></span> <span class='ocrx_word' id='word_1_177' title='bbox 604 2070 666 2127; x_wconf 89' lang='grc'><strong>4444</strong></span> <span class='ocrx_word' id='word_1_178' title='bbox 682 2069 779 2145; x_wconf 90' lang='lat' dir='ltr'><strong>primo</strong></span> 
     </span>
     <span class='ocr_line' id='line_1_21' title="bbox 59 2156 780 2234; baseline -0.004 -11"><span class='ocrx_word' id='word_1_179' title='bbox 59 2160 160 2224; x_wconf 87' lang='lat' dir='ltr'><strong>libello</strong></span> <span class='ocrx_word' id='word_1_180' title='bbox 174 2161 213 2221; x_wconf 90' lang='lat' dir='ltr'><strong>de</strong></span> <span class='ocrx_word' id='word_1_181' title='bbox 230 2156 346 2221; x_wconf 90' lang='lat' dir='ltr'><strong>Adamo</strong></span> <span class='ocrx_word' id='word_1_182' title='bbox 360 2159 479 2220; x_wconf 91' lang='lat' dir='ltr'><strong>nullum</strong></span> <span class='ocrx_word' id='word_1_183' title='bbox 497 2157 532 2234; x_wconf 87' lang='lat' dir='ltr'><strong>A,</strong></span> <span class='ocrx_word' id='word_1_184' title='bbox 551 2161 580 2218; x_wconf 91' lang='lat' dir='ltr'><strong>in</strong></span> <span class='ocrx_word' id='word_1_185' title='bbox 599 2158 780 2221; x_wconf 86' lang='lat' dir='ltr'><strong>seeundode</strong></span> 
     </span>
     <span class='ocr_line' id='line_1_22' title="bbox 12 2246 782 2327; baseline -0.006 -8"><span class='ocrx_word' id='word_1_186' title='bbox 12 2294 15 2299; x_wconf 94' lang='lat'><em>-</em></span> <span class='ocrx_word' id='word_1_187' title='bbox 59 2256 153 2318; x_wconf 88' lang='lat' dir='ltr'><strong>Abele</strong></span> <span class='ocrx_word' id='word_1_188' title='bbox 170 2254 287 2317; x_wconf 92' lang='lat' dir='ltr'><strong>nullum</strong></span> <span class='ocrx_word' id='word_1_189' title='bbox 305 2257 347 2327; x_wconf 86' lang='lat' dir='ltr'><strong>B,</strong></span> <span class='ocrx_word' id='word_1_190' title='bbox 367 2255 396 2312; x_wconf 89' lang='lat' dir='ltr'><strong>in</strong></span> <span class='ocrx_word' id='word_1_191' title='bbox 413 2246 503 2313; x_wconf 82' lang='lat' dir='ltr'><strong>tertio</strong></span> <span class='ocrx_word' id='word_1_192' title='bbox 530 2253 569 2312; x_wconf 90' lang='lat' dir='ltr'><strong>de</strong></span> <span class='ocrx_word' id='word_1_193' title='bbox 595 2254 688 2315; x_wconf 84' lang='lat' dir='ltr'><strong>Caino</strong></span> <span class='ocrx_word' id='word_1_194' title='bbox 715 2254 782 2314; x_wconf 90' lang='lat' dir='ltr'><strong>nul-</strong></span> 
     </span>
     <span class='ocr_line' id='line_1_23' title="bbox 60 2340 782 2427; baseline -0.008 -15"><span class='ocrx_word' id='word_1_195' title='bbox 60 2352 123 2415; x_wconf 89' lang='lat' dir='ltr'><strong>lum</strong></span> <span class='ocrx_word' id='word_1_196' title='bbox 145 2351 192 2425; x_wconf 82' lang='lat' dir='ltr'><strong>G,</strong></span> <span class='ocrx_word' id='word_1_197' title='bbox 221 2354 321 2427; x_wconf 89' lang='lat' dir='ltr'><strong>atque·</strong></span> <span class='ocrx_word' id='word_1_198' title='bbox 335 2349 374 2407; x_wconf 90' lang='lat' dir='ltr'><strong>ita</strong></span> <span class='ocrx_word' id='word_1_199' title='bbox 398 2349 428 2406; x_wconf 91' lang='lat' dir='ltr'><strong>in</strong></span> <span class='ocrx_word' id='word_1_200' title='bbox 455 2348 593 2408; x_wconf 85' lang='lat' dir='ltr'><strong>caeteris.</strong></span> <span class='ocrx_word' id='word_1_201' title='bbox 616 2340 719 2407; x_wconf 80' lang='lat' dir='ltr'><strong>Edidit</strong></span> <span class='ocrx_word' id='word_1_202' title='bbox 744 2364 782 2407; x_wconf 84' lang='lat' dir='ltr'><strong>ex</strong></span> 
     </span>
     <span class='ocr_line' id='line_1_24' title="bbox 60 2434 782 2520; baseline -0.012 -12"><span class='ocrx_word' id='word_1_203' title='bbox 60 2444 170 2508; x_wconf 83' lang='lat' dir='ltr'><strong>Codice</strong></span> <span class='ocrx_word' id='word_1_204' title='bbox 187 2440 350 2505; x_wconf 89' lang='lat' dir='ltr'><strong>Sorbonico</strong></span> <span class='ocrx_word' id='word_1_205' title='bbox 368 2443 407 2518; x_wconf 80' lang='lat' dir='ltr'><strong>[in</strong></span> <span class='ocrx_word' id='word_1_206' title='bbox 426 2456 486 2519; x_wconf 92' lang='lat' dir='ltr'><strong>quo</strong></span> <span class='ocrx_word' id='word_1_207' title='bbox 503 2434 638 2520; x_wconf 86' lang='lat' dir='ltr'><strong>perinde,</strong></span> <span class='ocrx_word' id='word_1_208' title='bbox 654 2446 690 2501; x_wconf 94' lang='lat' dir='ltr'><strong>ut</strong></span> <span class='ocrx_word' id='word_1_209' title='bbox 703 2439 782 2519; x_wconf 90' lang='lat' dir='ltr'><strong>apud</strong></span> 
     </span>
     <span class='ocr_line' id='line_1_25' title="bbox 61 2534 782 2618; baseline -0.011 -19"><span class='ocrx_word' id='word_1_210' title='bbox 61 2539 252 2618; x_wconf 78' lang='lat' dir='ltr'><strong>sigebertum</strong></span> <span class='ocrx_word' id='word_1_211' title='bbox 280 2552 345 2616; x_wconf 91' lang='lat' dir='ltr'><strong>cap.</strong></span> <span class='ocrx_word' id='word_1_212' title='bbox 369 2536 419 2595; x_wconf 75' lang='lat'><strong>28.</strong></span> <span class='ocrx_word' id='word_1_213' title='bbox 444 2534 603 2614; x_wconf 88' lang='lat' dir='ltr'><strong>Fulgentio</strong></span> <span class='ocrx_word' id='word_1_214' title='bbox 632 2535 782 2612; x_wconf 86' lang='lat' dir='ltr'><strong>liusponsi</strong></span> 
     </span>
     <span class='ocr_line' id='line_1_26' title="bbox 60 2628 785 2711; baseline -0.008 -19"><span class='ocrx_word' id='word_1_215' title='bbox 60 2637 258 2711; x_wconf 79' lang='lat' dir='ltr'><strong>praeternam</strong></span> <span class='ocrx_word' id='word_1_216' title='bbox 279 2628 480 2705; x_wconf 84' lang='lat' dir='ltr'><strong>tribuebatur)</strong></span> <span class='ocrx_word' id='word_1_217' title='bbox 499 2634 531 2688; x_wconf 90' lang='lat' dir='ltr'><strong>et</strong></span> <span class='ocrx_word' id='word_1_218' title='bbox 552 2630 633 2689; x_wconf 90' lang='lat' dir='ltr'><strong>notis</strong></span> <span class='ocrx_word' id='word_1_219' title='bbox 653 2628 785 2689; x_wconf 89' lang='lat' dir='ltr'><strong>illustra-</strong></span> 
     </span>
     <span class='ocr_line' id='line_1_27' title="bbox 59 2721 783 2800; baseline -0.006 -17"><span class='ocrx_word' id='word_1_220' title='bbox 59 2727 105 2785; x_wconf 84' lang='lat' dir='ltr'><strong>vit</strong></span> <span class='ocrx_word' id='word_1_221' title='bbox 121 2724 251 2785; x_wconf 88' lang='lat' dir='ltr'><strong>lacobus</strong></span> <span class='ocrx_word' id='word_1_222' title='bbox 271 2724 436 2800; x_wconf 84' lang='lat' dir='ltr'><strong>llommey,</strong></span> <span class='ocrx_word' id='word_1_223' title='bbox 454 2727 488 2799; x_wconf 35' lang='lat' dir='ltr'><strong>a),</strong></span> <span class='ocrx_word' id='word_1_224' title='bbox 503 2723 626 2784; x_wconf 88' lang='lat' dir='ltr'><strong>Pictavii</strong></span> <span class='ocrx_word' id='word_1_225' title='bbox 649 2722 737 2797; x_wconf 80' lang='grc'><strong>4694,</strong></span> <span class='ocrx_word' id='word_1_226' title='bbox 756 2721 783 2780; x_wconf 91' lang='lat'><strong>8.</strong></span> 
     </span>
     <span class='ocr_line' id='line_1_28' title="bbox 60 2815 785 2895; baseline -0.008 -16"><span class='ocrx_word' id='word_1_227' title='bbox 60 2819 163 2880; x_wconf 89' lang='lat' dir='ltr'><strong>addito</strong></span> <span class='ocrx_word' id='word_1_228' title='bbox 182 2816 280 2877; x_wconf 81' lang='lat' dir='ltr'><strong>&#39;etiam</strong></span> <span class='ocrx_word' id='word_1_229' title='bbox 302 2817 469 2895; x_wconf 84' lang='lat' dir='ltr'><strong>specimine</strong></span> <span class='ocrx_word' id='word_1_230' title='bbox 491 2817 604 2877; x_wconf 83' lang='lat' dir='ltr'><strong>PETlll</strong></span> <span class='ocrx_word' id='word_1_231' title='bbox 631 2815 669 2877; x_wconf 91' lang='lat' dir='ltr'><strong>de</strong></span> <span class='ocrx_word' id='word_1_232' title='bbox 689 2817 785 2893; x_wconf 82' lang='lat' dir='ltr'><strong>ltiga,</strong></span> 
     </span>
     <span class='ocr_line' id='line_1_29' title="bbox 62 2910 785 2990; baseline -0.008 -18"><span class='ocrx_word' id='word_1_233' title='bbox 62 2911 342 2990; x_wconf 81' lang='lat' dir='ltr'><strong>recapitulationum</strong></span> <span class='ocrx_word' id='word_1_234' title='bbox 377 2911 543 2987; x_wconf 86' lang='lat' dir='ltr'><strong>Utriusque</strong></span> <span class='ocrx_word' id='word_1_235' title='bbox 574 2910 785 2982; x_wconf 81' lang='lat' dir='ltr'><strong>Testamenti,</strong></span> 
     </span>
     <span class='ocr_line' id='line_1_30' title="bbox 63 3002 787 3083; baseline -0.001 -22"><span class='ocrx_word' id='word_1_236' title='bbox 63 3003 205 3064; x_wconf 84' lang='lat' dir='ltr'><strong>versibus</strong></span> <span class='ocrx_word' id='word_1_237' title='bbox 217 3004 330 3083; x_wconf 78' lang='lat' dir='ltr'><strong>elegis,</strong></span> <span class='ocrx_word' id='word_1_238' title='bbox 349 3019 427 3082; x_wconf 91' lang='lat' dir='ltr'><strong>quas</strong></span> <span class='ocrx_word' id='word_1_239' title='bbox 442 3005 576 3081; x_wconf 89' lang='lat' dir='ltr'><strong>integras</strong></span> <span class='ocrx_word' id='word_1_240' title='bbox 587 3002 697 3081; x_wconf 87' lang='lat' dir='ltr'><strong>publici</strong></span> <span class='ocrx_word' id='word_1_241' title='bbox 709 3003 787 3083; x_wconf 71' lang='lat' dir='ltr'><strong>iuris</strong></span> 
     </span>
     <span class='ocr_line' id='line_1_31' title="bbox 64 3095 787 3178; baseline -0.003 -21"><span class='ocrx_word' id='word_1_242' title='bbox 64 3099 135 3158; x_wconf 91' lang='lat' dir='ltr'><strong>iecit</strong></span> <span class='ocrx_word' id='word_1_243' title='bbox 151 3097 335 3178; x_wconf 69' lang='lat' dir='ltr'><strong>polycarpus</strong></span> <span class='ocrx_word' id='word_1_244' title='bbox 354 3099 511 3177; x_wconf 76' lang='lat' dir='ltr'><strong>leyserus</strong></span> <span class='ocrx_word' id='word_1_245' title='bbox 528 3099 558 3156; x_wconf 91' lang='lat' dir='ltr'><strong>iu</strong></span> <span class='ocrx_word' id='word_1_246' title='bbox 576 3095 700 3157; x_wconf 91' lang='lat' dir='ltr'><strong>historia</strong></span> <span class='ocrx_word' id='word_1_247' title='bbox 716 3102 787 3174; x_wconf 82' lang='lat' dir='ltr'><strong>poe.-</strong></span> 
     </span>
     <span class='ocr_line' id='line_1_32' title="bbox 62 3188 786 3271; baseline -0.006 -20"><span class='ocrx_word' id='word_1_248' title='bbox 62 3208 132 3251; x_wconf 85' lang='lat' dir='ltr'><strong>seos</strong></span> <span class='ocrx_word' id='word_1_249' title='bbox 149 3191 239 3252; x_wconf 87' lang='lat' dir='ltr'><strong>medii</strong></span> <span class='ocrx_word' id='word_1_250' title='bbox 256 3194 322 3253; x_wconf 88' lang='lat' dir='ltr'><strong>aevi</strong></span> <span class='ocrx_word' id='word_1_251' title='bbox 342 3209 408 3271; x_wconf 89' lang='lat' dir='ltr'><strong>pag.</strong></span> <span class='ocrx_word' id='word_1_252' title='bbox 419 3188 557 3252; x_wconf 76' lang='lat' dir='ltr'><strong>tas-727</strong></span> <span class='ocrx_word' id='word_1_253' title='bbox 574 3189 730 3268; x_wconf 90' lang='lat' dir='ltr'><strong>inquibus</strong></span> <span class='ocrx_word' id='word_1_254' title='bbox 747 3190 786 3249; x_wconf 89' lang='lat' dir='ltr'><strong>si-</strong></span> 
     </span>
     <span class='ocr_line' id='line_1_33' title="bbox 62 3284 785 3364; baseline -0.007 -18"><span class='ocrx_word' id='word_1_255' title='bbox 62 3286 176 3346; x_wconf 90' lang='lat' dir='ltr'><strong>militer</strong></span> <span class='ocrx_word' id='word_1_256' title='bbox 193 3287 287 3364; x_wconf 90' lang='lat' dir='ltr'><strong>prima</strong></span> <span class='ocrx_word' id='word_1_257' title='bbox 304 3288 400 3346; x_wconf 88' lang='lat' dir='ltr'><strong>sectio</strong></span> <span class='ocrx_word' id='word_1_258' title='bbox 417 3288 483 3346; x_wconf 87' lang='lat' dir='ltr'><strong>sive</strong></span> <span class='ocrx_word' id='word_1_259' title='bbox 497 3284 652 3345; x_wconf 89' lang='lat' dir='ltr'><strong>distinctio</strong></span> <span class='ocrx_word' id='word_1_260' title='bbox 663 3284 785 3344; x_wconf 49' lang='lat' dir='ltr'><strong>¹nullum</strong></span> 
     </span>
     <span class='ocr_line' id='line_1_34' title="bbox 62 3375 786 3456; baseline -0.007 -16"><span class='ocrx_word' id='word_1_261' title='bbox 62 3380 156 3441; x_wconf 88' lang='lat' dir='ltr'><strong>habet</strong></span> <span class='ocrx_word' id='word_1_262' title='bbox 171 3378 216 3456; x_wconf 82' lang='lat' dir='ltr'><strong>A,</strong></span> <span class='ocrx_word' id='word_1_263' title='bbox 234 3379 372 3441; x_wconf 85' lang='lat' dir='ltr'><strong>secunda</strong></span> <span class='ocrx_word' id='word_1_264' title='bbox 390 3379 509 3440; x_wconf 93' lang='lat' dir='ltr'><strong>nullum</strong></span> <span class='ocrx_word' id='word_1_265' title='bbox 523 3380 566 3455; x_wconf 89' lang='lat' dir='ltr'><strong>B,</strong></span> <span class='ocrx_word' id='word_1_266' title='bbox 584 3383 676 3455; x_wconf 90' lang='lat' dir='ltr'><strong>atque</strong></span> <span class='ocrx_word' id='word_1_267' title='bbox 694 3378 733 3436; x_wconf 89' lang='lat' dir='ltr'><strong>ita</strong></span> <span class='ocrx_word' id='word_1_268' title='bbox 748 3375 786 3437; x_wconf 91' lang='lat' dir='ltr'><strong>ad</strong></span> 
     </span>
     <span class='ocr_line' id='line_1_35' title="bbox 62 3470 789 3551; baseline -0.01 -18"><span class='ocrx_word' id='word_1_269' title='bbox 62 3475 81 3533; x_wconf 88' lang='lat' dir='ltr'>Z</span> <span class='ocrx_word' id='word_1_270' title='bbox 112 3489 220 3551; x_wconf 82' lang='lat' dir='ltr'><strong>usque.</strong></span> <span class='ocrx_word' id='word_1_271' title='bbox 239 3470 418 3551; x_wconf 76' lang='lat' dir='ltr'><strong>liuJusmodi</strong></span> <span class='ocrx_word' id='word_1_272' title='bbox 451 3471 575 3532; x_wconf 88' lang='lat' dir='ltr'><strong>iliadem</strong></span> <span class='ocrx_word' id='word_1_273' title='bbox 610 3473 789 3548; x_wconf 68' lang='lat' dir='ltr'><strong>hernoppap-</strong></span> 
     </span>
     <span class='ocr_line' id='line_1_36' title="bbox 69 3565 789 3648; baseline -0.001 -24"><span class='ocrx_word' id='word_1_274' title='bbox 69 3585 165 3648; x_wconf 77' lang='lat' dir='ltr'><strong>perna</strong></span> <span class='ocrx_word' id='word_1_275' title='bbox 186 3566 318 3645; x_wconf 88' lang='lat' dir='ltr'><strong>singulis</strong></span> <span class='ocrx_word' id='word_1_276' title='bbox 336 3566 446 3627; x_wconf 89' lang='lat' dir='ltr'><strong>litteris</strong></span> <span class='ocrx_word' id='word_1_277' title='bbox 466 3580 519 3645; x_wconf 88' lang='lat' dir='ltr'><strong>per</strong></span> <span class='ocrx_word' id='word_1_278' title='bbox 541 3566 676 3645; x_wconf 91' lang='lat' dir='ltr'><strong>singulos</strong></span> <span class='ocrx_word' id='word_1_279' title='bbox 697 3565 789 3626; x_wconf 89' lang='lat' dir='ltr'><strong>libros</strong></span> 
     </span>
     <span class='ocr_line' id='line_1_37' title="bbox 62 3653 789 3737; baseline -0.006 -15"><span class='ocrx_word' id='word_1_280' title='bbox 62 3663 232 3728; x_wconf 83' lang='lat' dir='ltr'><strong>diminutis,</strong></span> <span class='ocrx_word' id='word_1_281' title='bbox 244 3660 368 3721; x_wconf 87' lang='lat' dir='ltr'><strong>Graecis</strong></span> <span class='ocrx_word' id='word_1_282' title='bbox 384 3661 455 3721; x_wconf 92' lang='lat' dir='ltr'><strong>olim</strong></span> <span class='ocrx_word' id='word_1_283' title='bbox 468 3659 609 3720; x_wconf 82' lang='lat' dir='ltr'><strong>versibus</strong></span> <span class='ocrx_word' id='word_1_284' title='bbox 626 3653 789 3737; x_wconf 80' lang='lat' dir='ltr'><strong>scripserat</strong></span> 
     </span>
     <span class='ocr_line' id='line_1_38' title="bbox 61 3753 790 3833; baseline -0.011 -13"><span class='ocrx_word' id='word_1_285' title='bbox 61 3760 172 3820; x_wconf 85' lang='lat' dir='ltr'><strong>Nestor</strong></span> <span class='ocrx_word' id='word_1_286' title='bbox 189 3754 403 3827; x_wconf 80' lang='lat' dir='ltr'><strong>larandensis,</strong></span> <span class='ocrx_word' id='word_1_287' title='bbox 421 3761 513 3833; x_wconf 90' lang='lat' dir='ltr'><strong>atque</strong></span> <span class='ocrx_word' id='word_1_288' title='bbox 528 3753 696 3833; x_wconf 76' lang='lat' dir='ltr'><strong>odysseam</strong></span> <span class='ocrx_word' id='word_1_289' title='bbox 715 3755 790 3831; x_wconf 82' lang='lat' dir='ltr'><strong>Try-</strong></span> 
     </span>
     <span class='ocr_line' id='line_1_39' title="bbox 63 3842 790 3932; baseline -0.007 -20"><span class='ocrx_word' id='word_1_290' title='bbox 63 3842 238 3932; x_wconf 85' lang='lat' dir='ltr'><strong>phiodorus,</strong></span> <span class='ocrx_word' id='word_1_291' title='bbox 251 3848 288 3909; x_wconf 91' lang='lat' dir='ltr'><strong>de</strong></span> <span class='ocrx_word' id='word_1_292' title='bbox 300 3849 411 3929; x_wconf 88' lang='lat' dir='ltr'><strong>quibus</strong></span> <span class='ocrx_word' id='word_1_293' title='bbox 422 3848 541 3911; x_wconf 87' lang='lat' dir='ltr'><strong>dietum</strong></span> <span class='ocrx_word' id='word_1_294' title='bbox 557 3847 632 3908; x_wconf 90' lang='lat' dir='ltr'><strong>libro</strong></span> <span class='ocrx_word' id='word_1_295' title='bbox 643 3848 672 3908; x_wconf 77' lang='lat'><strong>2.</strong></span> <span class='ocrx_word' id='word_1_296' title='bbox 681 3847 790 3908; x_wconf 78' lang='lat' dir='ltr'><strong>Biblio</strong></span> 
     </span>
     <span class='ocr_line' id='line_1_40' title="bbox 63 3942 789 4022; baseline -0.01 -15"><span class='ocrx_word' id='word_1_297' title='bbox 63 3946 171 4007; x_wconf 87' lang='lat' dir='ltr'><strong>thecae</strong></span> <span class='ocrx_word' id='word_1_298' title='bbox 188 3942 320 4005; x_wconf 82' lang='lat' dir='ltr'><strong>Graecae</strong></span> <span class='ocrx_word' id='word_1_299' title='bbox 337 3960 406 4021; x_wconf 91' lang='lat' dir='ltr'><strong>cap.</strong></span> <span class='ocrx_word' id='word_1_300' title='bbox 423 3945 452 4004; x_wconf 85' lang='lat'><strong>5.</strong></span> <span class='ocrx_word' id='word_1_301' title='bbox 474 3943 662 4022; x_wconf 89' lang='lat' dir='ltr'><strong>Fulgentiani</strong></span> <span class='ocrx_word' id='word_1_302' title='bbox 685 3943 789 4020; x_wconf 84' lang='lat' dir='ltr'><strong>scripti</strong></span> 
     </span>
     <span class='ocr_line' id='line_1_41' title="bbox 64 4034 790 4113; baseline -0.011 -12"><span class='ocrx_word' id='word_1_303' title='bbox 64 4040 157 4102; x_wconf 90' lang='lat' dir='ltr'><strong>alium</strong></span> <span class='ocrx_word' id='word_1_304' title='bbox 179 4036 317 4098; x_wconf 86' lang='lat' dir='ltr'><strong>Codicem</strong></span> <span class='ocrx_word' id='word_1_305' title='bbox 343 4054 434 4098; x_wconf 91' lang='lat' dir='ltr'><strong>manu</strong></span> <span class='ocrx_word' id='word_1_306' title='bbox 456 4042 635 4110; x_wconf 83' lang='lat' dir='ltr'><strong>exaratum,</strong></span> <span class='ocrx_word' id='word_1_307' title='bbox 663 4034 715 4094; x_wconf 91' lang='lat' dir='ltr'><strong>sed</strong></span> <span class='ocrx_word' id='word_1_308' title='bbox 739 4052 790 4113; x_wconf 92' lang='lat' dir='ltr'><strong>po-</strong></span> 
     </span>
     <span class='ocr_line' id='line_1_42' title="bbox 65 4126 791 4206; baseline -0.008 -12"><span class='ocrx_word' id='word_1_309' title='bbox 65 4131 244 4193; x_wconf 86' lang='lat' dir='ltr'><strong>sterioribus</strong></span> <span class='ocrx_word' id='word_1_310' title='bbox 272 4131 356 4191; x_wconf 88' lang='lat' dir='ltr'><strong>libris</strong></span> <span class='ocrx_word' id='word_1_311' title='bbox 374 4148 534 4206; x_wconf 89' lang='lat' dir='ltr'><strong>mancum,</strong></span> <span class='ocrx_word' id='word_1_312' title='bbox 558 4129 661 4191; x_wconf 88' lang='lat' dir='ltr'><strong>laudat</strong></span> <span class='ocrx_word' id='word_1_313' title='bbox 677 4126 791 4189; x_wconf 84' lang='lat' dir='ltr'><strong>Soude-</strong></span> 
     </span>
     <span class='ocr_line' id='line_1_43' title="bbox 65 4223 788 4307; baseline -0.01 -17"><span class='ocrx_word' id='word_1_314' title='bbox 65 4244 120 4290; x_wconf 89' lang='lat' dir='ltr'><strong>rus</strong></span> <span class='ocrx_word' id='word_1_315' title='bbox 134 4232 221 4307; x_wconf 89' lang='lat' dir='ltr'><strong>parte</strong></span> <span class='ocrx_word' id='word_1_316' title='bbox 235 4226 263 4286; x_wconf 82' lang='lat'><strong>2.</strong></span> <span class='ocrx_word' id='word_1_317' title='bbox 276 4225 482 4286; x_wconf 79' lang='lat' dir='ltr'><strong>bibliothecae</strong></span> <span class='ocrx_word' id='word_1_318' title='bbox 501 4223 636 4305; x_wconf 84' lang='lat' dir='ltr'><strong>Belgicae</strong></span> <span class='ocrx_word' id='word_1_319' title='bbox 650 4224 709 4286; x_wconf 88' lang='lat' dir='ltr'><strong>hlS.</strong></span> <span class='ocrx_word' id='word_1_320' title='bbox 723 4241 788 4304; x_wconf 86' lang='lat' dir='ltr'><strong>pag.</strong></span> 
     </span>
     <span class='ocr_line' id='line_1_44' title="bbox 64 4316 789 4397; baseline -0.007 -13"><span class='ocrx_word' id='word_1_321' title='bbox 64 4324 116 4385; x_wconf 73' lang='lat'><strong>23.</strong></span> <span class='ocrx_word' id='word_1_322' title='bbox 131 4323 165 4382; x_wconf 92' lang='lat' dir='ltr'><strong>ln</strong></span> <span class='ocrx_word' id='word_1_323' title='bbox 185 4320 242 4381; x_wconf 90' lang='lat' dir='ltr'><strong>hoo</strong></span> <span class='ocrx_word' id='word_1_324' title='bbox 260 4335 320 4379; x_wconf 92' lang='lat' dir='ltr'><strong>non</strong></span> <span class='ocrx_word' id='word_1_325' title='bbox 343 4316 481 4394; x_wconf 79' lang='lat' dir='ltr'><strong>Fabius,</strong></span> <span class='ocrx_word' id='word_1_326' title='bbox 502 4325 535 4378; x_wconf 92' lang='lat' dir='ltr'><strong>ut</strong></span> <span class='ocrx_word' id='word_1_327' title='bbox 552 4317 590 4379; x_wconf 91' lang='lat' dir='ltr'><strong>ab</strong></span> <span class='ocrx_word' id='word_1_328' title='bbox 606 4320 789 4397; x_wconf 79' lang='lat' dir='ltr'><strong>llommeyo,</strong></span> 
     </span>
     <span class='ocr_line' id='line_1_45' title="bbox 65 4411 793 4489; baseline -0.012 -10"><span class='ocrx_word' id='word_1_329' title='bbox 65 4416 119 4479; x_wconf 89' lang='lat' dir='ltr'><strong>sed</strong></span> <span class='ocrx_word' id='word_1_330' title='bbox 142 4411 269 4475; x_wconf 80' lang='lat' dir='ltr'><strong>Flavius</strong></span> <span class='ocrx_word' id='word_1_331' title='bbox 296 4412 440 4475; x_wconf 86' lang='lat' dir='ltr'><strong>Claudius</strong></span> <span class='ocrx_word' id='word_1_332' title='bbox 466 4412 639 4474; x_wconf 90' lang='lat' dir='ltr'><strong>Gordianus</strong></span> <span class='ocrx_word' id='word_1_333' title='bbox 663 4413 793 4489; x_wconf 81' lang='lat' dir='ltr'><strong>Fulgen-</strong></span> 
     </span>
     <span class='ocr_line' id='line_1_46' title="bbox 64 4498 791 4589; baseline -0.01 -17"><span class='ocrx_word' id='word_1_334' title='bbox 64 4515 129 4575; x_wconf 89' lang='lat' dir='ltr'><strong>tius</strong></span> <span class='ocrx_word' id='word_1_335' title='bbox 157 4498 335 4589; x_wconf 79' lang='lat' dir='ltr'><strong>oppellatur.</strong></span> <span class='ocrx_word' id='word_1_336' title='bbox 365 4510 479 4568; x_wconf 88' lang='lat' dir='ltr'><strong>&#39;lamen</strong></span> <span class='ocrx_word' id='word_1_337' title='bbox 503 4504 668 4568; x_wconf 80' lang='lat' dir='ltr'><strong>bollandus</strong></span> <span class='ocrx_word' id='word_1_338' title='bbox 685 4505 791 4567; x_wconf 85' lang='lat' dir='ltr'><strong>eodem</strong></span> 
     </span>
     <span class='ocr_line' id='line_1_47' title="bbox 66 4598 792 4679; baseline -0.015 -10"><span class='ocrx_word' id='word_1_339' title='bbox 66 4605 176 4669; x_wconf 91' lang='lat' dir='ltr'><strong>mutilo</strong></span> <span class='ocrx_word' id='word_1_340' title='bbox 190 4619 266 4665; x_wconf 89' lang='lat' dir='ltr'><strong>usus</strong></span> <span class='ocrx_word' id='word_1_341' title='bbox 285 4601 395 4667; x_wconf 84' lang='lat' dir='ltr'><strong>Codice</strong></span> <span class='ocrx_word' id='word_1_342' title='bbox 410 4604 502 4663; x_wconf 89' lang='lat' dir='ltr'><strong>etiam</strong></span> <span class='ocrx_word' id='word_1_343' title='bbox 517 4598 647 4662; x_wconf 82' lang='lat' dir='ltr'><strong>Fabiam</strong></span> <span class='ocrx_word' id='word_1_344' title='bbox 661 4599 792 4679; x_wconf 88' lang='lat' dir='ltr'><strong>appellat</strong></span> 
     </span>
     <span class='ocr_line' id='line_1_48' title="bbox 66 4692 793 4778; baseline -0.008 -17"><span class='ocrx_word' id='word_1_345' title='bbox 66 4708 140 4761; x_wconf 91' lang='lat' dir='ltr'><strong>tom.</strong></span> <span class='ocrx_word' id='word_1_346' title='bbox 161 4701 189 4760; x_wconf 93' lang='grc'><strong>4.</strong></span> <span class='ocrx_word' id='word_1_347' title='bbox 225 4698 348 4761; x_wconf 81' lang='lat' dir='ltr'><strong>ianuar.</strong></span> <span class='ocrx_word' id='word_1_348' title='bbox 379 4714 446 4778; x_wconf 88' lang='lat' dir='ltr'><strong>pag.</strong></span> <span class='ocrx_word' id='word_1_349' title='bbox 464 4696 532 4757; x_wconf 78' lang='lat'><strong>972.</strong></span> <span class='ocrx_word' id='word_1_350' title='bbox 556 4692 699 4774; x_wconf 80' lang='lat' dir='ltr'><strong>Libpoum</strong></span> <span class='ocrx_word' id='word_1_351' title='bbox 729 4693 793 4755; x_wconf 84' lang='lat' dir='ltr'><strong>sinc</strong></span> 
     </span>
     <span class='ocr_line' id='line_1_49' title="bbox 65 4787 793 4876; baseline -0.011 -20"><span class='ocrx_word' id='word_1_352' title='bbox 65 4792 180 4876; x_wconf 70' lang='lat' dir='ltr'><strong>Afrum</strong></span> <span class='ocrx_word' id='word_1_353' title='bbox 201 4807 233 4851; x_wconf 87' lang='lat' dir='ltr'><strong>so</strong></span> <span class='ocrx_word' id='word_1_354' title='bbox 253 4806 313 4850; x_wconf 88' lang='lat' dir='ltr'><strong>non</strong></span> <span class='ocrx_word' id='word_1_355' title='bbox 327 4809 388 4855; x_wconf 86' lang='lat' dir='ltr'><strong>uno</strong></span> <span class='ocrx_word' id='word_1_356' title='bbox 403 4789 465 4851; x_wconf 88' lang='lat' dir='ltr'><strong>loco</strong></span> <span class='ocrx_word' id='word_1_357' title='bbox 478 4795 586 4850; x_wconf 82' lang='lat' dir='ltr'><strong>auctor</strong></span> <span class='ocrx_word' id='word_1_358' title='bbox 601 4787 730 4864; x_wconf 63' lang='lat' dir='ltr'><strong>fatetur,</strong></span> <span class='ocrx_word' id='word_1_359' title='bbox 749 4788 793 4848; x_wconf 83' lang='lat' dir='ltr'><strong>id-</strong></span> 
     </span>
     <span class='ocr_line' id='line_1_50' title="bbox 67 4882 793 4970; baseline -0.008 -21"><span class='ocrx_word' id='word_1_360' title='bbox 67 4904 126 4970; x_wconf 84' lang='lat' dir='ltr'><strong>que</strong></span> <span class='ocrx_word' id='word_1_361' title='bbox 144 4903 239 4968; x_wconf 82' lang='lat' dir='ltr'><strong>opos,</strong></span> <span class='ocrx_word' id='word_1_362' title='bbox 254 4885 468 4965; x_wconf 86' lang='lat' dir='ltr'><strong>Xenophontis</strong></span> <span class='ocrx_word' id='word_1_363' title='bbox 480 4887 586 4966; x_wconf 83' lang='lat' dir='ltr'><strong>pottoe</strong></span> <span class='ocrx_word' id='word_1_364' title='bbox 602 4882 712 4943; x_wconf 81' lang='lat' dir='ltr'><strong>Graeco</strong></span> <span class='ocrx_word' id='word_1_365' title='bbox 727 4882 793 4943; x_wconf 84' lang='lat' dir='ltr'><strong>imi-</strong></span> 
     </span>
    </p>
   </div>
   <div class='ocr_carea' id='block_1_6' title="bbox 108 5096 718 5166">
    <p class='ocr_par' dir='ltr' id='par_1_7' title="bbox 108 5096 718 5166">
     <span class='ocr_line' id='line_1_51' title="bbox 108 5096 718 5166; baseline -0.01 -13"><span class='ocrx_word' id='word_1_366' title='bbox 108 5101 136 5166; x_wconf 86' lang='lat' dir='ltr'><strong>a)</strong></span> <span class='ocrx_word' id='word_1_367' title='bbox 152 5100 258 5151; x_wconf 75' lang='lat' dir='ltr'><strong>Journal</strong></span> <span class='ocrx_word' id='word_1_368' title='bbox 278 5099 433 5151; x_wconf 76' lang='lat' dir='ltr'><strong>densatam</strong></span> <span class='ocrx_word' id='word_1_369' title='bbox 451 5104 479 5149; x_wconf 82' lang='lat' dir='ltr'><strong>A.</strong></span> <span class='ocrx_word' id='word_1_370' title='bbox 498 5096 567 5148; x_wconf 84' lang='grc'><strong>4494.</strong></span> <span class='ocrx_word' id='word_1_371' title='bbox 587 5108 646 5159; x_wconf 74' lang='lat' dir='ltr'><strong>gog.</strong></span> <span class='ocrx_word' id='word_1_372' title='bbox 662 5097 718 5149; x_wconf 82' lang='grc'><strong>167.</strong></span> 
     </span>
    </p>
   </div>
   <div class='ocr_carea' id='block_1_7' title="bbox 832 1595 1561 2333">
    <p class='ocr_par' dir='ltr' id='par_1_8' title="bbox 832 1595 1560 2241">
     <span class='ocr_line' id='line_1_52' title="bbox 832 1595 1554 1678; baseline -0.008 -20"><span class='ocrx_word' id='word_1_373' title='bbox 832 1614 898 1658; x_wconf 92' lang='lat' dir='ltr'><strong>cem</strong></span> <span class='ocrx_word' id='word_1_374' title='bbox 914 1599 985 1657; x_wconf 91' lang='lat' dir='ltr'><strong>tomi</strong></span> <span class='ocrx_word' id='word_1_375' title='bbox 1004 1598 1074 1657; x_wconf 90' lang='lat' dir='ltr'><strong>noni</strong></span> <span class='ocrx_word' id='word_1_376' title='bbox 1091 1596 1223 1678; x_wconf 85' lang='lat' dir='ltr'><strong>rejectus</strong></span> <span class='ocrx_word' id='word_1_377' title='bbox 1240 1597 1365 1674; x_wconf 84' lang='lat' dir='ltr'><strong>legitur,</strong></span> <span class='ocrx_word' id='word_1_378' title='bbox 1383 1595 1554 1675; x_wconf 87' lang='lat' dir='ltr'><strong>Augustino</strong></span> 
     </span>
     <span class='ocr_line' id='line_1_53' title="bbox 834 1688 1559 1768; baseline 0 -18"><span class='ocrx_word' id='word_1_379' title='bbox 834 1690 991 1768; x_wconf 90' lang='lat' dir='ltr'><strong>indignum</strong></span> <span class='ocrx_word' id='word_1_380' title='bbox 1009 1689 1064 1750; x_wconf 91' lang='lat' dir='ltr'><strong>viri</strong></span> <span class='ocrx_word' id='word_1_381' title='bbox 1082 1690 1163 1751; x_wconf 91' lang='lat' dir='ltr'><strong>docti</strong></span> <span class='ocrx_word' id='word_1_382' title='bbox 1186 1689 1334 1766; x_wconf 83' lang='lat' dir='ltr'><strong>judicant.</strong></span> <span class='ocrx_word' id='word_1_383' title='bbox 1358 1693 1391 1750; x_wconf 93' lang='lat' dir='ltr'><strong>lu</strong></span> <span class='ocrx_word' id='word_1_384' title='bbox 1414 1706 1450 1751; x_wconf 88' lang='lat' dir='ltr'><strong>eo</strong></span> <span class='ocrx_word' id='word_1_385' title='bbox 1470 1688 1559 1768; x_wconf 85' lang='lat' dir='ltr'><strong>plora</strong></span> 
     </span>
     <span class='ocr_line' id='line_1_54' title="bbox 834 1782 1560 1864; baseline 0 -20"><span class='ocrx_word' id='word_1_386' title='bbox 834 1782 938 1861; x_wconf 87' lang='lat' dir='ltr'><strong>hujus</strong></span> <span class='ocrx_word' id='word_1_387' title='bbox 954 1784 1104 1864; x_wconf 89' lang='lat' dir='ltr'><strong>Fulgentii</strong></span> <span class='ocrx_word' id='word_1_388' title='bbox 1124 1786 1297 1862; x_wconf 82' lang='lat' dir='ltr'><strong>fragmenta.</strong></span> <span class='ocrx_word' id='word_1_389' title='bbox 1317 1790 1439 1846; x_wconf 86' lang='lat' dir='ltr'><strong>servata</strong></span> <span class='ocrx_word' id='word_1_390' title='bbox 1454 1798 1560 1845; x_wconf 85' lang='lat' dir='ltr'><strong>occur·</strong></span> 
     </span>
     <span class='ocr_line' id='line_1_55' title="bbox 833 1877 1558 1954; baseline 0.001 -17"><span class='ocrx_word' id='word_1_391' title='bbox 833 1884 915 1938; x_wconf 89' lang='lat' dir='ltr'><strong>ruat.</strong></span> <span class='ocrx_word' id='word_1_392' title='bbox 933 1877 979 1938; x_wconf 85' lang='lat' dir='ltr'><strong>Ea</strong></span> <span class='ocrx_word' id='word_1_393' title='bbox 1002 1878 1110 1954; x_wconf 86' lang='lat' dir='ltr'><strong>juncta</strong></span> <span class='ocrx_word' id='word_1_394' title='bbox 1127 1880 1157 1938; x_wconf 93' lang='lat' dir='ltr'><strong>in</strong></span> <span class='ocrx_word' id='word_1_395' title='bbox 1178 1896 1274 1939; x_wconf 91' lang='lat' dir='ltr'><strong>unum</strong></span> <span class='ocrx_word' id='word_1_396' title='bbox 1292 1880 1471 1939; x_wconf 90' lang='lat' dir='ltr'><strong>continuum</strong></span> <span class='ocrx_word' id='word_1_397' title='bbox 1492 1892 1558 1938; x_wconf 55' lang='lat' dir='ltr'><strong>sera</strong></span> 
     </span>
     <span class='ocr_line' id='line_1_56' title="bbox 833 1968 1556 2050; baseline -0.001 -19"><span class='ocrx_word' id='word_1_398' title='bbox 833 1971 971 2048; x_wconf 84' lang='lat' dir='ltr'><strong>monem,</strong></span> <span class='ocrx_word' id='word_1_399' title='bbox 992 1972 1170 2032; x_wconf 88' lang='lat' dir='ltr'><strong>Germanice</strong></span> <span class='ocrx_word' id='word_1_400' title='bbox 1192 1973 1284 2031; x_wconf 87' lang='lat' dir='ltr'><strong>vertit</strong></span> <span class='ocrx_word' id='word_1_401' title='bbox 1304 1970 1460 2050; x_wconf 84' lang='lat' dir='ltr'><strong>ediditque</strong></span> <span class='ocrx_word' id='word_1_402' title='bbox 1473 1968 1556 2033; x_wconf 80' lang='lat' dir='ltr'><strong>God-</strong></span> 
     </span>
     <span class='ocr_line' id='line_1_57' title="bbox 835 2064 1553 2135; baseline -0.003 -8"><span class='ocrx_word' id='word_1_403' title='bbox 835 2066 930 2127; x_wconf 90' lang='lat' dir='ltr'><strong>iridus</strong></span> <span class='ocrx_word' id='word_1_404' title='bbox 941 2065 1093 2127; x_wconf 87' lang='lat' dir='ltr'><strong>Amoldus</strong></span> <span class='ocrx_word' id='word_1_405' title='bbox 1104 2068 1135 2125; x_wconf 90' lang='lat' dir='ltr'><strong>in</strong></span> <span class='ocrx_word' id='word_1_406' title='bbox 1154 2065 1277 2126; x_wconf 89' lang='lat' dir='ltr'><strong>historia</strong></span> <span class='ocrx_word' id='word_1_407' title='bbox 1292 2064 1463 2135; x_wconf 85' lang='lat' dir='ltr'><strong>haeresium</strong></span> <span class='ocrx_word' id='word_1_408' title='bbox 1477 2071 1553 2125; x_wconf 87' lang='lat' dir='ltr'><strong>tom.</strong></span> 
     </span>
     <span class='ocr_line' id='line_1_58' title="bbox 837 2158 1554 2241; baseline -0.003 -20"><span class='ocrx_word' id='word_1_409' title='bbox 837 2162 885 2222; x_wconf 88' lang='lat' dir='ltr'><strong>lv.</strong></span> <span class='ocrx_word' id='word_1_410' title='bbox 902 2178 969 2241; x_wconf 86' lang='lat' dir='ltr'><strong>pag.</strong></span> <span class='ocrx_word' id='word_1_411' title='bbox 988 2158 1037 2222; x_wconf 86' lang='grc'><strong>75.</strong></span> <span class='ocrx_word' id='word_1_412' title='bbox 1053 2159 1101 2221; x_wconf 89' lang='grc'><strong>76.</strong></span> <span class='ocrx_word' id='word_1_413' title='bbox 1521 2186 1524 2197; x_wconf 92' lang='lat'><em>·</em></span> <span class='ocrx_word' id='word_1_414' title='bbox 1551 2168 1554 2173; x_wconf 83' lang='lat'>&#39;</span> 
     </span>
    </p>

    <p class='ocr_par' dir='ltr' id='par_1_9' title="bbox 878 2252 1561 2333">
     <span class='ocr_line' id='line_1_59' title="bbox 878 2252 1561 2333; baseline 0.003 -19"><span class='ocrx_word' id='word_1_415' title='bbox 878 2255 1116 2316; x_wconf 83' lang='lat' dir='ltr'>FULGENTIUS</span> <span class='ocrx_word' id='word_1_416' title='bbox 1131 2252 1485 2333; x_wconf 59' lang='grc'><strong>14444444444444444444</strong></span> <span class='ocrx_word' id='word_1_417' title='bbox 1499 2254 1561 2315; x_wconf 79' lang='lat' dir='ltr'><strong>ttu-</strong></span> 
     </span>
    </p>
   </div>
   <div class='ocr_carea' id='block_1_8' title="bbox 838 2342 1661 2428">
    <p class='ocr_par' dir='ltr' id='par_1_10' title="bbox 838 2342 1661 2428">
     <span class='ocr_line' id='line_1_60' title="bbox 838 2342 1661 2428; baseline -0.006 -20"><span class='ocrx_word' id='word_1_418' title='bbox 838 2350 957 2428; x_wconf 90' lang='lat' dir='ltr'><strong>spensls</strong></span> <span class='ocrx_word' id='word_1_419' title='bbox 972 2346 1161 2426; x_wconf 85' lang='lat' dir='ltr'><strong>discipulus,</strong></span> <span class='ocrx_word' id='word_1_420' title='bbox 1183 2354 1215 2408; x_wconf 92' lang='lat' dir='ltr'><strong>et</strong></span> <span class='ocrx_word' id='word_1_421' title='bbox 1236 2348 1385 2407; x_wconf 88' lang='lat' dir='ltr'><strong>Diaconus</strong></span> <span class='ocrx_word' id='word_1_422' title='bbox 1406 2342 1563 2425; x_wconf 78' lang='lat' dir='ltr'><strong>Carthagi·</strong></span> <span class='ocrx_word' id='word_1_423' title='bbox 1657 2379 1661 2392; x_wconf 87' lang='lat'><strong>·</strong></span> 
     </span>
    </p>
   </div>
   <div class='ocr_carea' id='block_1_9' title="bbox 838 2438 1570 5155">
    <p class='ocr_par' dir='ltr' id='par_1_11' title="bbox 838 2438 1570 5155">
     <span class='ocr_line' id='line_1_61' title="bbox 838 2438 1562 2503; baseline -0.008 -1"><span class='ocrx_word' id='word_1_424' title='bbox 838 2443 953 2503; x_wconf 89' lang='lat' dir='ltr'><strong>niensis</strong></span> <span class='ocrx_word' id='word_1_425' title='bbox 981 2441 1184 2502; x_wconf 87' lang='lat' dir='ltr'><strong>celebratura</strong></span> <span class='ocrx_word' id='word_1_426' title='bbox 1201 2441 1321 2500; x_wconf 84' lang='lat' dir='ltr'><strong>Victore</strong></span> <span class='ocrx_word' id='word_1_427' title='bbox 1337 2439 1509 2499; x_wconf 88' lang='lat' dir='ltr'><strong>Tonanensi</strong></span> <span class='ocrx_word' id='word_1_428' title='bbox 1531 2438 1562 2497; x_wconf 90' lang='lat' dir='ltr'><strong>in</strong></span> 
     </span>
     <span class='ocr_line' id='line_1_62' title="bbox 839 2532 1565 2599; baseline -0.004 -3"><span class='ocrx_word' id='word_1_429' title='bbox 839 2536 988 2596; x_wconf 90' lang='lat' dir='ltr'><strong>Chronico</strong></span> <span class='ocrx_word' id='word_1_430' title='bbox 1005 2535 1041 2597; x_wconf 89' lang='lat' dir='ltr'><strong>ad</strong></span> <span class='ocrx_word' id='word_1_431' title='bbox 1061 2535 1184 2595; x_wconf 82' lang='lat' dir='ltr'><strong>Antrum</strong></span> <span class='ocrx_word' id='word_1_432' title='bbox 1202 2534 1320 2599; x_wconf 87' lang='lat' dir='ltr'><strong>Cilristi</strong></span> <span class='ocrx_word' id='word_1_433' title='bbox 1339 2532 1409 2593; x_wconf 84' lang='grc'><strong>547.</strong></span> <span class='ocrx_word' id='word_1_434' title='bbox 1424 2538 1458 2593; x_wconf 83' lang='grc'><strong>44</strong></span> <span class='ocrx_word' id='word_1_435' title='bbox 1473 2548 1493 2593; x_wconf 81' lang='lat' dir='ltr'><strong>a</strong></span> <span class='ocrx_word' id='word_1_436' title='bbox 1509 2534 1565 2593; x_wconf 62' lang='lat' dir='ltr'><strong>Fa*</strong></span> 
     </span>
     <span class='ocr_line' id='line_1_63' title="bbox 838 2626 1564 2706; baseline -0.008 -15"><span class='ocrx_word' id='word_1_437' title='bbox 838 2629 938 2691; x_wconf 90' lang='lat' dir='ltr'><strong>cundo</strong></span> <span class='ocrx_word' id='word_1_438' title='bbox 956 2628 1003 2690; x_wconf 84' lang='lat' dir='ltr'><strong>lV.</strong></span> <span class='ocrx_word' id='word_1_439' title='bbox 1023 2630 1050 2688; x_wconf 89' lang='lat'><strong>3.</strong></span> <span class='ocrx_word' id='word_1_440' title='bbox 1068 2627 1166 2706; x_wconf 87' lang='lat' dir='ltr'><strong>Opera</strong></span> <span class='ocrx_word' id='word_1_441' title='bbox 1194 2626 1338 2688; x_wconf 87' lang='lat' dir='ltr'><strong>Ferrandi</strong></span> <span class='ocrx_word' id='word_1_442' title='bbox 1364 2642 1444 2705; x_wconf 86' lang='lat' dir='ltr'><strong>quae</strong></span> <span class='ocrx_word' id='word_1_443' title='bbox 1463 2627 1564 2705; x_wconf 83' lang='lat' dir='ltr'><strong>potuit</strong></span> 
     </span>
     <span class='ocr_line' id='line_1_64' title="bbox 840 2719 1563 2804; baseline -0.008 -19"><span class='ocrx_word' id='word_1_444' title='bbox 840 2726 989 2804; x_wconf 89' lang='lat' dir='ltr'><strong>reperire,</strong></span> <span class='ocrx_word' id='word_1_445' title='bbox 1007 2723 1127 2803; x_wconf 83' lang='lat' dir='ltr'><strong>collegit</strong></span> <span class='ocrx_word' id='word_1_446' title='bbox 1141 2724 1331 2801; x_wconf 87' lang='lat' dir='ltr'><strong>junctimque</strong></span> <span class='ocrx_word' id='word_1_447' title='bbox 1346 2719 1441 2781; x_wconf 87' lang='lat' dir='ltr'><strong>edidit</strong></span> <span class='ocrx_word' id='word_1_448' title='bbox 1455 2722 1563 2782; x_wconf 84' lang='lat' dir='ltr'><strong>Petrus</strong></span> 
     </span>
     <span class='ocr_line' id='line_1_65' title="bbox 841 2815 1564 2893; baseline -0.004 -16"><span class='ocrx_word' id='word_1_449' title='bbox 841 2819 1022 2879; x_wconf 86' lang='lat' dir='ltr'><strong>Franciscns</strong></span> <span class='ocrx_word' id='word_1_450' title='bbox 1049 2817 1219 2893; x_wconf 86' lang='lat' dir='ltr'><strong>Chilletius,</strong></span> <span class='ocrx_word' id='word_1_451' title='bbox 1237 2818 1303 2878; x_wconf 86' lang='lat' dir='ltr'><strong>Soc.</strong></span> <span class='ocrx_word' id='word_1_452' title='bbox 1321 2817 1415 2893; x_wconf 81' lang='lat' dir='ltr'><strong>lesu,</strong></span> <span class='ocrx_word' id='word_1_453' title='bbox 1435 2815 1564 2878; x_wconf 80' lang='lat' dir='ltr'><strong>ainana</strong></span> 
     </span>
     <span class='ocr_line' id='line_1_66' title="bbox 843 2910 1564 2975; baseline -0.001 -2"><span class='ocrx_word' id='word_1_454' title='bbox 843 2913 930 2973; x_wconf 89' lang='grc'><strong>4649.</strong></span> <span class='ocrx_word' id='word_1_455' title='bbox 958 2915 985 2975; x_wconf 89' lang='grc'><strong>4.</strong></span> <span class='ocrx_word' id='word_1_456' title='bbox 1014 2912 1095 2974; x_wconf 90' lang='lat' dir='ltr'><strong>unde</strong></span> <span class='ocrx_word' id='word_1_457' title='bbox 1111 2929 1218 2975; x_wconf 88' lang='lat' dir='ltr'><strong>recusa</strong></span> <span class='ocrx_word' id='word_1_458' title='bbox 1240 2914 1361 2973; x_wconf 89' lang='lat' dir='ltr'><strong>suntin</strong></span> <span class='ocrx_word' id='word_1_459' title='bbox 1380 2910 1564 2973; x_wconf 83' lang='lat' dir='ltr'><strong>Bibliotheca</strong></span> 
     </span>
     <span class='ocr_line' id='line_1_67' title="bbox 842 3006 1564 3086; baseline 0 -20"><span class='ocrx_word' id='word_1_460' title='bbox 842 3006 967 3067; x_wconf 84' lang='lat' dir='ltr'><strong>Petrum</strong></span> <span class='ocrx_word' id='word_1_461' title='bbox 986 3006 1181 3086; x_wconf 79' lang='lat' dir='ltr'><strong>lugdunensi</strong></span> <span class='ocrx_word' id='word_1_462' title='bbox 1197 3014 1279 3067; x_wconf 93' lang='lat' dir='ltr'><strong>tomo</strong></span> <span class='ocrx_word' id='word_1_463' title='bbox 1294 3009 1345 3067; x_wconf 87' lang='lat' dir='ltr'><strong>lx.</strong></span> <span class='ocrx_word' id='word_1_464' title='bbox 1365 3008 1564 3067; x_wconf 83' lang='lat' dir='ltr'><strong>sont-autam</strong></span> 
     </span>
     <span class='ocr_line' id='line_1_68' title="bbox 842 3098 1567 3180; baseline -0.004 -20"><span class='ocrx_word' id='word_1_465' title='bbox 842 3103 870 3160; x_wconf 94' lang='grc'><strong>4.</strong></span> <span class='ocrx_word' id='word_1_466' title='bbox 888 3099 925 3160; x_wconf 91' lang='lat' dir='ltr'><strong>ad</strong></span> <span class='ocrx_word' id='word_1_467' title='bbox 953 3099 1099 3180; x_wconf 74' lang='lat' dir='ltr'><strong>Reginum</strong></span> <span class='ocrx_word' id='word_1_468' title='bbox 1117 3102 1267 3163; x_wconf 87' lang='lat' dir='ltr'><strong>Comitem</strong></span> <span class='ocrx_word' id='word_1_469' title='bbox 1296 3100 1509 3179; x_wconf 86' lang='lat' dir='ltr'><strong>paraeneticus</strong></span> <span class='ocrx_word' id='word_1_470' title='bbox 1530 3098 1567 3158; x_wconf 84' lang='lat' dir='ltr'><strong>de</strong></span> 
     </span>
     <span class='ocr_line' id='line_1_69' title="bbox 843 3192 1563 3273; baseline -0.004 -20"><span class='ocrx_word' id='word_1_471' title='bbox 843 3194 907 3254; x_wconf 82' lang='lat' dir='ltr'><strong>Vll.</strong></span> <span class='ocrx_word' id='word_1_472' title='bbox 924 3192 1045 3273; x_wconf 74' lang='lat' dir='ltr'><strong>lingniis</strong></span> <span class='ocrx_word' id='word_1_473' title='bbox 1059 3193 1262 3268; x_wconf 70' lang='lat' dir='ltr'><strong>obscoenitas,</strong></span> <span class='ocrx_word' id='word_1_474' title='bbox 1280 3211 1347 3273; x_wconf 88' lang='lat' dir='ltr'><strong>pag.</strong></span> <span class='ocrx_word' id='word_1_475' title='bbox 1365 3193 1434 3253; x_wconf 83' lang='grc'><strong>494.</strong></span> <span class='ocrx_word' id='word_1_476' title='bbox 1450 3208 1513 3271; x_wconf 89' lang='lat' dir='ltr'><strong>quo</strong></span> <span class='ocrx_word' id='word_1_477' title='bbox 1534 3194 1563 3251; x_wconf 87' lang='lat' dir='ltr'><strong>in</strong></span> 
     </span>
     <span class='ocr_line' id='line_1_70' title="bbox 843 3286 1570 3366; baseline -0.003 -18"><span class='ocrx_word' id='word_1_478' title='bbox 843 3290 954 3366; x_wconf 89' lang='lat' dir='ltr'><strong>scripto</strong></span> <span class='ocrx_word' id='word_1_479' title='bbox 972 3288 1144 3348; x_wconf 88' lang='lat' dir='ltr'><strong>Ferrandus</strong></span> <span class='ocrx_word' id='word_1_480' title='bbox 1164 3290 1378 3366; x_wconf 80' lang='lat' dir='ltr'><strong>persequitur,</strong></span> <span class='ocrx_word' id='word_1_481' title='bbox 1400 3304 1480 3366; x_wconf 90' lang='lat' dir='ltr'><strong>quaa</strong></span> <span class='ocrx_word' id='word_1_482' title='bbox 1500 3286 1570 3347; x_wconf 82' lang='lat' dir='ltr'><strong>Ful-</strong></span> 
     </span>
     <span class='ocr_line' id='line_1_71' title="bbox 842 3378 1570 3461; baseline -0.003 -20"><span class='ocrx_word' id='word_1_483' title='bbox 842 3384 964 3461; x_wconf 89' lang='lat' dir='ltr'><strong>gentius</strong></span> <span class='ocrx_word' id='word_1_484' title='bbox 980 3382 1147 3460; x_wconf 87' lang='lat' dir='ltr'><strong>liuspensis</strong></span> <span class='ocrx_word' id='word_1_485' title='bbox 1173 3380 1310 3459; x_wconf 87' lang='lat' dir='ltr'><strong>Epistola</strong></span> <span class='ocrx_word' id='word_1_486' title='bbox 1335 3382 1442 3442; x_wconf 84' lang='lat' dir='ltr'><strong>xviii.</strong></span> <span class='ocrx_word' id='word_1_487' title='bbox 1470 3378 1570 3441; x_wconf 86' lang='lat' dir='ltr'><strong>abaci·</strong></span> 
     </span>
     <span class='ocr_line' id='line_1_72' title="bbox 843 3473 1566 3554; baseline -0.001 -21"><span class='ocrx_word' id='word_1_488' title='bbox 843 3492 916 3537; x_wconf 88' lang='lat' dir='ltr'><strong>vero</strong></span> <span class='ocrx_word' id='word_1_489' title='bbox 937 3484 1033 3536; x_wconf 90' lang='lat' dir='ltr'><strong>morte</strong></span> <span class='ocrx_word' id='word_1_490' title='bbox 1055 3482 1240 3554; x_wconf 86' lang='lat' dir='ltr'><strong>praeventus</strong></span> <span class='ocrx_word' id='word_1_491' title='bbox 1262 3488 1321 3535; x_wconf 90' lang='lat' dir='ltr'><strong>non</strong></span> <span class='ocrx_word' id='word_1_492' title='bbox 1343 3478 1459 3554; x_wconf 82' lang='lat' dir='ltr'><strong>potuit·</strong></span> <span class='ocrx_word' id='word_1_493' title='bbox 1472 3474 1503 3537; x_wconf 73' lang='lat'><strong>2.</strong></span> <span class='ocrx_word' id='word_1_494' title='bbox 1528 3473 1566 3535; x_wconf 87' lang='lat' dir='ltr'><strong>ad</strong></span> 
     </span>
     <span class='ocr_line' id='line_1_73' title="bbox 842 3561 1569 3642; baseline -0.001 -12"><span class='ocrx_word' id='word_1_495' title='bbox 842 3561 1030 3642; x_wconf 80' lang='lat' dir='ltr'><strong>Aonioiritno,</strong></span> <span class='ocrx_word' id='word_1_496' title='bbox 1048 3571 1213 3630; x_wconf 88' lang='lat' dir='ltr'><strong>Diaconum</strong></span> <span class='ocrx_word' id='word_1_497' title='bbox 1230 3567 1420 3642; x_wconf 83' lang='lat' dir='ltr'><strong>Romanum,</strong></span> <span class='ocrx_word' id='word_1_498' title='bbox 1438 3567 1477 3629; x_wconf 85' lang='lat' dir='ltr'><strong>de</strong></span> <span class='ocrx_word' id='word_1_499' title='bbox 1493 3566 1569 3629; x_wconf 88' lang='lat' dir='ltr'><strong>dna·</strong></span> 
     </span>
     <span class='ocr_line' id='line_1_74' title="bbox 843 3661 1566 3749; baseline -0.007 -24"><span class='ocrx_word' id='word_1_500' title='bbox 843 3664 902 3725; x_wconf 91' lang='lat' dir='ltr'><strong>bus</strong></span> <span class='ocrx_word' id='word_1_501' title='bbox 932 3666 961 3723; x_wconf 92' lang='lat' dir='ltr'><strong>in</strong></span> <span class='ocrx_word' id='word_1_502' title='bbox 987 3664 1113 3723; x_wconf 86' lang='lat' dir='ltr'><strong>Cllristo</strong></span> <span class='ocrx_word' id='word_1_503' title='bbox 1129 3664 1260 3737; x_wconf 89' lang='lat' dir='ltr'><strong>naturis,</strong></span> <span class='ocrx_word' id='word_1_504' title='bbox 1278 3669 1310 3723; x_wconf 85' lang='lat' dir='ltr'><strong>et·</strong></span> <span class='ocrx_word' id='word_1_505' title='bbox 1326 3661 1405 3741; x_wconf 91' lang='lat' dir='ltr'><strong>quod</strong></span> <span class='ocrx_word' id='word_1_506' title='bbox 1435 3676 1518 3749; x_wconf 83' lang='lat' dir='ltr'><strong>unus</strong></span> <span class='ocrx_word' id='word_1_507' title='bbox 1535 3663 1566 3721; x_wconf 93' lang='lat' dir='ltr'><strong>in</strong></span> 
     </span>
     <span class='ocr_line' id='line_1_75' title="bbox 844 3756 1566 3837; baseline -0.008 -17"><span class='ocrx_word' id='word_1_508' title='bbox 844 3758 896 3820; x_wconf 91' lang='lat' dir='ltr'><strong>SS.</strong></span> <span class='ocrx_word' id='word_1_509' title='bbox 915 3758 1062 3818; x_wconf 89' lang='lat' dir='ltr'><strong>Trinitate</strong></span> <span class='ocrx_word' id='word_1_510' title='bbox 1081 3765 1172 3819; x_wconf 89' lang='lat' dir='ltr'><strong>natus</strong></span> <span class='ocrx_word' id='word_1_511' title='bbox 1189 3774 1360 3836; x_wconf 91' lang='lat' dir='ltr'><strong>passusque</strong></span> <span class='ocrx_word' id='word_1_512' title='bbox 1381 3756 1439 3816; x_wconf 86' lang='lat' dir='ltr'><strong>dici</strong></span> <span class='ocrx_word' id='word_1_513' title='bbox 1460 3758 1566 3837; x_wconf 85' lang='lat' dir='ltr'><strong>possit.</strong></span> 
     </span>
     <span class='ocr_line' id='line_1_76' title="bbox 844 3850 1565 3932; baseline -0.007 -19"><span class='ocrx_word' id='word_1_514' title='bbox 844 3870 872 3932; x_wconf 92' lang='lat' dir='ltr'><strong>p.</strong></span> <span class='ocrx_word' id='word_1_515' title='bbox 892 3854 959 3913; x_wconf 69' lang='grc'><strong>564.</strong></span> <span class='ocrx_word' id='word_1_516' title='bbox 978 3853 1005 3915; x_wconf 88' lang='grc'><strong>3.</strong></span> <span class='ocrx_word' id='word_1_517' title='bbox 1024 3852 1061 3912; x_wconf 86' lang='lat' dir='ltr'><strong>ad</strong></span> <span class='ocrx_word' id='word_1_518' title='bbox 1080 3851 1264 3932; x_wconf 74' lang='lat' dir='ltr'><strong>Eugippiani</strong></span> <span class='ocrx_word' id='word_1_519' title='bbox 1293 3852 1331 3912; x_wconf 90' lang='lat' dir='ltr'><strong>de</strong></span> <span class='ocrx_word' id='word_1_520' title='bbox 1359 3852 1492 3913; x_wconf 83' lang='lat' dir='ltr'><strong>essentia</strong></span> <span class='ocrx_word' id='word_1_521' title='bbox 1513 3850 1565 3912; x_wconf 83' lang='grc'><strong>86.</strong></span> 
     </span>
     <span class='ocr_line' id='line_1_77' title="bbox 846 3939 1566 4024; baseline -0.003 -18"><span class='ocrx_word' id='word_1_522' title='bbox 846 3948 1002 4007; x_wconf 87' lang='lat' dir='ltr'><strong>Trinitatis</strong></span> <span class='ocrx_word' id='word_1_523' title='bbox 1019 3952 1050 4007; x_wconf 91' lang='lat' dir='ltr'><strong>et</strong></span> <span class='ocrx_word' id='word_1_524' title='bbox 1066 3946 1104 4006; x_wconf 87' lang='lat' dir='ltr'><strong>da</strong></span> <span class='ocrx_word' id='word_1_525' title='bbox 1121 3946 1240 4007; x_wconf 89' lang='lat' dir='ltr'><strong>duabus</strong></span> <span class='ocrx_word' id='word_1_526' title='bbox 1254 3948 1373 4006; x_wconf 91' lang='lat' dir='ltr'><strong>naturis</strong></span> <span class='ocrx_word' id='word_1_527' title='bbox 1388 3944 1525 4024; x_wconf 85' lang='lat' dir='ltr'><strong>Epistola</strong></span> <span class='ocrx_word' id='word_1_528' title='bbox 1537 3939 1566 4024; x_wconf 84' lang='lat' dir='ltr'><strong>p.</strong></span> 
     </span>
     <span class='ocr_line' id='line_1_78' title="bbox 845 4038 1568 4119; baseline 0.001 -19"><span class='ocrx_word' id='word_1_529' title='bbox 845 4041 913 4100; x_wconf 85' lang='grc'><strong>569.</strong></span> <span class='ocrx_word' id='word_1_530' title='bbox 932 4058 1009 4119; x_wconf 83' lang='lat' dir='ltr'><strong>quae</strong></span> <span class='ocrx_word' id='word_1_531' title='bbox 1037 4046 1139 4100; x_wconf 84' lang='lat' dir='ltr'><strong>exstat</strong></span> <span class='ocrx_word' id='word_1_532' title='bbox 1155 4043 1245 4100; x_wconf 89' lang='lat' dir='ltr'><strong>etiam</strong></span> <span class='ocrx_word' id='word_1_533' title='bbox 1264 4043 1294 4099; x_wconf 92' lang='lat' dir='ltr'><strong>in</strong></span> <span class='ocrx_word' id='word_1_534' title='bbox 1312 4038 1477 4119; x_wconf 88' lang='lat' dir='ltr'><strong>appendice</strong></span> <span class='ocrx_word' id='word_1_535' title='bbox 1498 4054 1568 4119; x_wconf 88' lang='lat' dir='ltr'><strong>ope·</strong></span> 
     </span>
     <span class='ocr_line' id='line_1_79' title="bbox 846 4134 1566 4214; baseline 0.003 -20"><span class='ocrx_word' id='word_1_536' title='bbox 846 4152 913 4196; x_wconf 90' lang='lat' dir='ltr'><strong>rum</strong></span> <span class='ocrx_word' id='word_1_537' title='bbox 932 4134 1079 4213; x_wconf 88' lang='lat' dir='ltr'><strong>Fulgentii</strong></span> <span class='ocrx_word' id='word_1_538' title='bbox 1096 4136 1272 4214; x_wconf 86' lang='lat' dir='ltr'><strong>Ruspensis,</strong></span> <span class='ocrx_word' id='word_1_539' title='bbox 1295 4134 1321 4193; x_wconf 83' lang='grc'><strong>4.</strong></span> <span class='ocrx_word' id='word_1_540' title='bbox 1340 4134 1376 4194; x_wconf 90' lang='lat' dir='ltr'><strong>ad</strong></span> <span class='ocrx_word' id='word_1_541' title='bbox 1399 4137 1566 4210; x_wconf 72' lang='lat' dir='ltr'><strong>saonen,</strong></span> 
     </span>
     <span class='ocr_line' id='line_1_80' title="bbox 847 4218 1568 4310; baseline -0.003 -19"><span class='ocrx_word' id='word_1_542' title='bbox 847 4230 1067 4292; x_wconf 73' lang='lat' dir='ltr'><strong>scholasticum</strong></span> <span class='ocrx_word' id='word_1_543' title='bbox 1088 4231 1346 4310; x_wconf 79' lang='lat' dir='ltr'><strong>constantinopol.</strong></span> <span class='ocrx_word' id='word_1_544' title='bbox 1369 4228 1449 4308; x_wconf 90' lang='lat' dir='ltr'><strong>quod</strong></span> <span class='ocrx_word' id='word_1_545' title='bbox 1466 4218 1568 4290; x_wconf 75' lang='lat' dir='ltr'><strong>Domi·</strong></span> 
     </span>
     <span class='ocr_line' id='line_1_81' title="bbox 847 4322 1567 4387; baseline -0.006 -3"><span class='ocrx_word' id='word_1_546' title='bbox 847 4341 906 4386; x_wconf 90' lang='lat' dir='ltr'><strong>nus</strong></span> <span class='ocrx_word' id='word_1_547' title='bbox 936 4332 1041 4384; x_wconf 88' lang='lat' dir='ltr'><strong>noster</strong></span> <span class='ocrx_word' id='word_1_548' title='bbox 1057 4327 1173 4386; x_wconf 75' lang='lat' dir='ltr'><strong>tristis</strong></span> <span class='ocrx_word' id='word_1_549' title='bbox 1190 4326 1336 4387; x_wconf 86' lang='lat' dir='ltr'><strong>Cllristus</strong></span> <span class='ocrx_word' id='word_1_550' title='bbox 1360 4326 1400 4384; x_wconf 90' lang='lat' dir='ltr'><strong>sit</strong></span> <span class='ocrx_word' id='word_1_551' title='bbox 1425 4339 1506 4385; x_wconf 89' lang='lat' dir='ltr'><strong>unus</strong></span> <span class='ocrx_word' id='word_1_552' title='bbox 1530 4322 1567 4383; x_wconf 79' lang='lat' dir='ltr'><strong>de</strong></span> 
     </span>
     <span class='ocr_line' id='line_1_82' title="bbox 847 4412 1568 4495; baseline -0.003 -16"><span class='ocrx_word' id='word_1_553' title='bbox 847 4419 956 4479; x_wconf 87' lang='lat' dir='ltr'><strong>Sancta</strong></span> <span class='ocrx_word' id='word_1_554' title='bbox 973 4425 1005 4478; x_wconf 88' lang='lat' dir='ltr'><strong>et</strong></span> <span class='ocrx_word' id='word_1_555' title='bbox 1020 4417 1174 4479; x_wconf 87' lang='lat' dir='ltr'><strong>individua</strong></span> <span class='ocrx_word' id='word_1_556' title='bbox 1186 4420 1340 4479; x_wconf 70' lang='lat' dir='ltr'><strong>trinitate.</strong></span> <span class='ocrx_word' id='word_1_557' title='bbox 1357 4435 1385 4495; x_wconf 94' lang='grc'><strong>4.</strong></span> <span class='ocrx_word' id='word_1_558' title='bbox 1401 4418 1469 4478; x_wconf 87' lang='grc'><strong>549.</strong></span> <span class='ocrx_word' id='word_1_559' title='bbox 1484 4418 1513 4477; x_wconf 88' lang='lat' dir='ltr'><strong>ii.</strong></span> <span class='ocrx_word' id='word_1_560' title='bbox 1530 4412 1568 4478; x_wconf 87' lang='lat' dir='ltr'><strong>ad</strong></span> 
     </span>
     <span class='ocr_line' id='line_1_83' title="bbox 847 4510 1568 4591; baseline -0.001 -19"><span class='ocrx_word' id='word_1_561' title='bbox 847 4510 1002 4591; x_wconf 78' lang='lat' dir='ltr'><strong>Pelopiam</strong></span> <span class='ocrx_word' id='word_1_562' title='bbox 1035 4519 1066 4572; x_wconf 88' lang='lat' dir='ltr'><strong>et</strong></span> <span class='ocrx_word' id='word_1_563' title='bbox 1096 4510 1280 4584; x_wconf 65' lang='lat' dir='ltr'><strong>Annalium,</strong></span> <span class='ocrx_word' id='word_1_564' title='bbox 1302 4513 1449 4571; x_wconf 85' lang='lat' dir='ltr'><strong>Diaconos</strong></span> <span class='ocrx_word' id='word_1_565' title='bbox 1479 4510 1568 4572; x_wconf 84' lang='lat' dir='ltr'><strong>Urbis</strong></span> 
     </span>
     <span class='ocr_line' id='line_1_84' title="bbox 846 4602 1568 4687; baseline -0.001 -21"><span class='ocrx_word' id='word_1_566' title='bbox 846 4609 978 4683; x_wconf 80' lang='lat' dir='ltr'><strong>Romae,</strong></span> <span class='ocrx_word' id='word_1_567' title='bbox 1003 4624 1063 4685; x_wconf 91' lang='lat' dir='ltr'><strong>pro</strong></span> <span class='ocrx_word' id='word_1_568' title='bbox 1079 4604 1216 4687; x_wconf 81' lang='lat' dir='ltr'><strong>Epistola</strong></span> <span class='ocrx_word' id='word_1_569' title='bbox 1236 4603 1308 4664; x_wconf 81' lang='lat' dir='ltr'><strong>lbos</strong></span> <span class='ocrx_word' id='word_1_570' title='bbox 1324 4602 1483 4681; x_wconf 80' lang='lat' dir='ltr'><strong>Edessem&#39;,</strong></span> <span class='ocrx_word' id='word_1_571' title='bbox 1500 4620 1568 4685; x_wconf 90' lang='lat' dir='ltr'><strong>pag.</strong></span> 
     </span>
     <span class='ocr_line' id='line_1_85' title="bbox 848 4698 1568 4778; baseline -0.003 -17"><span class='ocrx_word' id='word_1_572' title='bbox 848 4701 917 4762; x_wconf 86' lang='grc'><strong>545.</strong></span> <span class='ocrx_word' id='word_1_573' title='bbox 937 4701 970 4761; x_wconf 88' lang='grc'><strong>44</strong></span> <span class='ocrx_word' id='word_1_574' title='bbox 986 4700 1043 4761; x_wconf 90' lang='lat' dir='ltr'><strong>hac</strong></span> <span class='ocrx_word' id='word_1_575' title='bbox 1058 4700 1193 4778; x_wconf 86' lang='lat' dir='ltr'><strong>Epistola</strong></span> <span class='ocrx_word' id='word_1_576' title='bbox 1212 4716 1276 4778; x_wconf 88' lang='lat' dir='ltr'><strong>pag.</strong></span> <span class='ocrx_word' id='word_1_577' title='bbox 1293 4701 1360 4761; x_wconf 86' lang='grc'><strong>546.</strong></span> <span class='ocrx_word' id='word_1_578' title='bbox 1372 4698 1407 4759; x_wconf 87' lang='lat' dir='ltr'><strong>G.</strong></span> <span class='ocrx_word' id='word_1_579' title='bbox 1424 4698 1568 4777; x_wconf 86' lang='lat' dir='ltr'><strong>leguntur</strong></span> 
     </span>
     <span class='ocr_line' id='line_1_86' title="bbox 847 4792 1569 4873; baseline 0.003 -22"><span class='ocrx_word' id='word_1_580' title='bbox 847 4793 955 4869; x_wconf 88' lang='lat' dir='ltr'><strong>verba,</strong></span> <span class='ocrx_word' id='word_1_581' title='bbox 974 4811 1051 4872; x_wconf 90' lang='lat' dir='ltr'><strong>quae</strong></span> <span class='ocrx_word' id='word_1_582' title='bbox 1063 4794 1173 4873; x_wconf 86' lang='lat' dir='ltr'><strong>allegat</strong></span> <span class='ocrx_word' id='word_1_583' title='bbox 1185 4793 1422 4871; x_wconf 80' lang='lat' dir='ltr'><strong>catalogulel.</strong></span> <span class='ocrx_word' id='word_1_584' title='bbox 1438 4792 1569 4873; x_wconf 77' lang='lat' dir='ltr'><strong>Scripto—</strong></span> 
     </span>
     <span class='ocr_line' id='line_1_87' title="bbox 847 4886 1569 4966; baseline 0 -20"><span class='ocrx_word' id='word_1_585' title='bbox 847 4904 930 4962; x_wconf 92' lang='lat' dir='ltr'><strong>rum,</strong></span> <span class='ocrx_word' id='word_1_586' title='bbox 943 4888 1125 4966; x_wconf 86' lang='lat' dir='ltr'><strong>subjunctus</strong></span> <span class='ocrx_word' id='word_1_587' title='bbox 1141 4887 1289 4949; x_wconf 90' lang='lat' dir='ltr'><strong>lldelonso</strong></span> <span class='ocrx_word' id='word_1_588' title='bbox 1301 4887 1338 4947; x_wconf 93' lang='lat' dir='ltr'><strong>de</strong></span> <span class='ocrx_word' id='word_1_589' title='bbox 1353 4886 1427 4947; x_wconf 85' lang='lat' dir='ltr'><strong>viris</strong></span> <span class='ocrx_word' id='word_1_590' title='bbox 1445 4886 1569 4949; x_wconf 87' lang='lat' dir='ltr'><strong>illustri-</strong></span> 
     </span>
     <span class='ocr_line' id='line_1_88' title="bbox 847 4976 1569 5059; baseline 0.006 -20"><span class='ocrx_word' id='word_1_591' title='bbox 847 4980 921 5057; x_wconf 90' lang='lat' dir='ltr'><strong>bus,</strong></span> <span class='ocrx_word' id='word_1_592' title='bbox 938 4997 1066 5045; x_wconf 90' lang='lat' dir='ltr'><strong>narraas</strong></span> <span class='ocrx_word' id='word_1_593' title='bbox 1083 4980 1267 5042; x_wconf 88' lang='lat' dir='ltr'><strong>Ferrandum</strong></span> <span class='ocrx_word' id='word_1_594' title='bbox 1285 4999 1302 5041; x_wconf 87' lang='lat' dir='ltr'><strong>a</strong></span> <span class='ocrx_word' id='word_1_595' title='bbox 1320 4980 1436 5059; x_wconf 85' lang='lat' dir='ltr'><strong>Pelagio</strong></span> <span class='ocrx_word' id='word_1_596' title='bbox 1456 4976 1569 5051; x_wconf 66' lang='lat' dir='ltr'><strong>Anam</strong></span> 
     </span>
     <span class='ocr_line' id='line_1_89' title="bbox 848 5072 1568 5155; baseline 0 -20"><span class='ocrx_word' id='word_1_597' title='bbox 848 5076 946 5154; x_wconf 86' lang='lat' dir='ltr'><strong>lioquo</strong></span> <span class='ocrx_word' id='word_1_598' title='bbox 971 5076 1144 5136; x_wconf 89' lang='lat' dir='ltr'><strong>consultum</strong></span> <span class='ocrx_word' id='word_1_599' title='bbox 1162 5079 1268 5135; x_wconf 75' lang='lat' dir='ltr'><strong>notrum</strong></span> <span class='ocrx_word' id='word_1_600' title='bbox 1293 5072 1382 5135; x_wconf 81' lang='lat' dir='ltr'><strong>iiosot</strong></span> <span class='ocrx_word' id='word_1_601' title='bbox 1398 5090 1568 5155; x_wconf 73' lang='lat' dir='ltr'><strong>quanqum</strong></span> 
     </span>
    </p>
   </div>
   <div class='ocr_carea' id='block_1_10' title="bbox 0 0 1751 5332">
    <p class='ocr_par' dir='ltr' id='par_1_12' title="bbox 0 0 1751 5332">
     <span class='ocr_line' id='line_1_90' title="bbox 0 0 1751 5332; baseline 0 0"><span class='ocrx_word' id='word_1_602' title='bbox 0 0 1751 5332; x_wconf 95' lang='lat' dir='ltr'><strong> </strong></span> 
     </span>
    </p>
   </div>
  </div>
 </body>
</html>
