3458 5332
852 321 979 384 VITA
1603 336 1660 385 xnt

165 434 220 512 lpse
241 430 372 493 contulit
396 428 432 491 ad
457 430 591 492 Rainaldi
623 431 713 493 libros
744 447 884 510 recogno-
937 432 1112 512 perstrinxit
1134 431 1245 492 nemini
1267 431 1427 502 intensum,
1449 436 1480 489 et
1494 429 1532 491 de
1548 445 1583 489 se
1598 445 1661 490 mo·

164 514 296 576 scandes.
938 514 1023 574 deste
1044 515 1248 584 sentientem,
1272 528 1329 572 nou
1352 511 1461 571 erroris
1482 510 1579 572 solum
1605 508 1659 570 sed

198 597 276 659 Cum
303 598 384 657 enim
407 595 606 674 frequentiora
634 596 663 655 in
692 594 758 653 istis
778 609 885 654 occur·
938 596 1029 655 etiarn
1053 595 1187 654 levitatis
1209 597 1306 670 ipsum
1328 590 1527 669 coarguendo.

165 683 287 754 renent,
308 694 388 755 quae
423 676 511 738 modo
542 676 701 752 castigari,
734 673 821 735 modo
853 673 887 733 il·
980 676 1102 755 (Neque
1117 676 1166 736 liic
1193 674 1321 734 reticebo
1346 672 1416 750 quid
1442 672 1478 732 ad
1504 689 1573 735 eum
1600 682 1661 732 tam

165 759 292 829 lustrari,
308 757 396 820 modo
411 758 542 834 suppleri
563 772 685 818 necesse
700 762 774 828 erat,
788 754 888 815 doato·
940 757 1048 817 acriter
1073 759 1282 818 lacessendum
1312 754 1461 812 bominem
1491 754 1661 831 coeteroqui

167 857 227 902 rum
250 841 419 910 bominum,
434 841 485 916 qui
507 835 543 897 ad
567 836 655 897 medii
674 839 739 898 aevi
757 836 887 913 antiqui·
942 836 1062 897 doctum
1078 845 1108 895 et
1119 836 1269 898 eruditum
1282 833 1503 906 commoverit.)
1516 834 1662 894 Vetustis-

166 928 252 981 latem
277 919 498 982 discutiendam
526 927 556 977 et
589 920 792 980 monumentis
818 933 889 975 con·
941 920 1017 977 simo
1033 916 1132 980 Codici
1148 935 1185 977 ex
1205 918 1316 989 insigni
1334 915 1666 975 cationicor.l¹erunen-

166 1000 339 1062 brnraudam
362 1001 468 1061 sedulo
500 998 707 1070 incubuerant,
735 1014 889 1059 commen·
942 1003 1020 1060 sium
1036 999 1181 1059 tabulario
1200 1002 1369 1075 excerptus
1389 996 1511 1057 innixus
1532 996 1665 1057 ldansius

165 1084 264 1153 tarios,
285 1081 512 1160 disquisitiones
530 1083 646 1140 naviter
664 1078 888 1160 pervestignvit,
942 1081 1063 1142 concilii
1084 1079 1270 1140 Sardicensis
1295 1075 1438 1153 epocham
1467 1078 1596 1136 triennio
1622 1077 1663 1136 ei·

166 1170 193 1224 et
214 1178 292 1241 quae
314 1170 368 1224 aut
390 1161 426 1223 ad
445 1161 656 1234 conditionem,
673 1168 725 1221 aut
742 1159 778 1220 ad
798 1160 890 1218 bisto-
944 1164 1109 1238 tiusquam
1124 1157 1663 1237 vulgoputabaturstatuendamesse

167 1246 222 1304 riae
240 1243 377 1303 ordinem
398 1245 601 1319 maximopere
617 1243 810 1319 pertinerent,
829 1256 887 1299 non
944 1242 1155 1302 affirmaverat.
1176 1243 1256 1302 liuva
1275 1240 1395 1317 quidem
1415 1254 1538 1317 prorsus
1554 1239 1662 1314 opinio,

167 1324 362 1386 tumultuaria
383 1342 483 1385 rerum
507 1324 715 1401 permixtione,
727 1321 779 1381 sed
803 1337 891 1380 seve·
943 1330 975 1383 et
990 1340 1047 1382 non
1066 1340 1099 1382 ea
1117 1330 1217 1384 tamen
1234 1337 1311 1399 quae
1330 1319 1403 1379 adeo
1422 1319 1553 1396 graviter
1570 1318 1666 1378 notari

167 1407 231 1465 riori
249 1405 364 1482 judicio
376 1413 515 1482 excerpta
533 1419 568 1464 ac
586 1410 745 1464 retractata
762 1402 891 1478 sagacis·
945 1420 980 1464 ac
998 1405 1159 1478 vituperari
1187 1404 1328 1463 iniuriose
1346 1400 1482 1476 deberet3
1504 1397 1665 1460 honorilice

168 1487 240 1546 sime
263 1487 459 1563 appositeque
482 1488 510 1544 in
532 1485 674 1544 universo
690 1485 800 1561 ingenti
823 1498 892 1560 ope·
944 1486 1025 1544 enim
1043 1483 1080 1543 de
1094 1501 1129 1545 ea
1147 1488 1310 1543 senserunt
1325 1483 1486 1559 scriptores
1500 1478 1665 1541 eruditissi-

169 1584 198 1627 re
219 1569 352 1644 (nempe
376 1567 562 1626 voluminum
591 1566 711 1642 triginta
737 1563 892 1643 quinquo)

946 1568 985 1624 mi
1013 1563 1247 1640 premeridum
1275 1560 1611 1636 dmstelodarnensium,
1633 1565 1666 1621 et

168 1646 320 1707 distribuit
341 1647 468 1718 singula.
489 1646 553 1717 Quo
575 1662 647 1705 sane
675 1660 836 1723 permagno
861 1649 894 1704 et
946 1647 1105 1708 illoratorio
1123 1649 1193 1705 item
1209 1643 1383 1704 doctissimo
1397 1641 1437 1701 illi
1453 1642 1661 1713 viro,ioiuima

168 1735 275 1788 conatu
297 1734 330 1786 et
350 1727 450 1787 studio
472 1725 498 1786 id
523 1727 686 1804 perlectum
703 1726 768 1799 luit,
786 1732 819 1785 ut
835 1724 892 1795 Ec·

168 1808 352 1869 clesiasticae
375 1809 611 1884 bistoriae,quae
635 1807 748 1867 Beronii
767 1807 890 1865 velutia

168 1890 300 1968 parentis
321 1890 366 1949 sui
391 1890 509 1947 nomine
532 1888 637 1947 merito
654 1888 806 1966 gloriatur,
822 1903 891 1962 per-

169 1969 298 2031 multum
336 1985 457 2047 quoque
488 1968 642 2046 dignitatis
674 1985 713 2027 ex
748 1966 890 2043 singulari

168 2050 268 2110 llansii
292 2050 438 2110 industria
450 2056 481 2108 et
491 2050 626 2108 doctrina
648 2049 812 2108 accessisse
824 2063 894 2106 eru·

177 2128 227 2190 diti
239 2147 348 2191 omnes
363 2147 434 2189 vere
445 2137 476 2189 et
494 2131 611 2208 proprie
626 2130 879 2190 asseveraverint.

206 2212 283 2274 Cum
307 2212 378 2272 talis
398 2217 562 2288 tantusque
588 2211 634 2268 vir
656 2210 718 2287 ipse
741 2209 830 2270 luerit
862 2209 891 2267 in

170 2291 378 2352 Ecclesiastico
411 2290 533 2351 historia
571 2288 760 2364 illustranda,
793 2289 893 2348 mirari

168 2374 237 2433 satis
258 2390 363 2434 eorum
393 2371 603 2450 negligentiam
633 2387 690 2429 non
720 2387 807 2448 queo,
840 2370 892 2447 qui

169 2469 234 2514 cum
258 2455 287 2513 in
311 2455 489 2514 Dictionnrio
506 2450 684 2529 'l'lreologico
704 2451 893 2528 Encyclope-

170 2533 231 2595 dico
253 2537 385 2612 bergerii
404 2533 503 2594 italice
521 2531 634 2592 reddito
649 2539 680 2591 et
693 2533 833 2606 llnmanis
848 2538 894 2610 ty·

171 2617 213 2694 pis
235 2633 293 2675 non
319 2619 357 2674 ita
389 2613 502 2692 pridem
534 2613 632 2689 edito)
664 2613 824 2674 articulum
856 2613 893 2673 de

172 2695 330 2759 Cordiaoli
359 2693 488 2755 Burouio
509 2691 699 2766 addiderunt,
721 2694 812 2756 huius
833 2692 894 2753 dn·

173 2779 256 2839 nales
277 2776 454 2837 emendatos
483 2783 576 2852 etque
607 2783 768 2834 exornatos
801 2777 893 2835 luisse

172 2860 359 2919 aliivmarunt
381 2874 396 2915 a
420 2857 514 2932 Pagio.
535 2872 551 2915 a
575 2853 713 2932 Fleuryq
731 2856 767 2915 ab
800 2857 893 2929 Ursio,

171 2957 187 3002 a
200 2939 374 3008 liecebetto,
386 2955 402 2998 a
415 2935 590 3004 Saccarello;
605 2938 749 2998 blansium
769 2953 840 2996 vero
855 2953 894 2997 uo

194 3021 291 3082 uidem
316 3020 527 3092 nominarunt,·
545 3019 632 3078 cuius
654 3023 754 3078 tamen
776 3035 814 3079 ex
830 3025 893 3079 stu·

173 3040 227 3163 diis
247 3109 339 3179 atque
362 3101 477 3178 vigiliis,
500 3116 638 3177 quoniam
658 3099 687 3158 ln
710 3099 765 3160 hoc
786 3116 895 3178 geuene

175 3183 289 3244 lruetus
310 3184 446 3259 cepimus
466 3180 676 3258 amplissimos,
708 3197 777 3241 eum
806 3181 895 3240 nimis

175 3264 371 3342 indiligenter.
394 3271 445 3323 aut
468 3263 557 3320 nimis
579 3259 759 3322 illiberaliter
780 3268 896 3339 praete·

175 3347 263 3405 ritum
281 3344 400 3403 silentio
415 3343 508 3404 luisse
525 3342 654 3420 quisque
670 3343 820 3403 fatebitur.
835 3340 895 3403 Sed

173 3423 227 3485 bac
248 3440 281 3485 re
301 3424 397 3485 obiter
417 3428 539 3498 attactu,
561 3425 752 3498 nequeenim
770 3425 896 3483 visaest

175 3504 449 3575 dissimulanda,ad
473 3505 656 3581 propositum
673 3503 841 3565 redeamus.

211 3586 539 3663 tabennensesque
552 3593 615 3644 tum
628 3587 815 3647 Bereniitum
830 3585 898 3646 liei·

174 3668 251 3729 oaldi
275 3677 495 3745 peropnortune
517 3666 699 3726 exornandis
728 3668 831 3727 blansii
855 3668 896 3726 lu·

174 3752 306 3829 genium,
326 3765 464 3821 acumen,
478 3746 639 3825 diligentia,
656 3753 782 3809 conatus
805 3749 899 3808 maxi·

177 3846 296 3909 mopere
332 3833 525 3896 enituerunt,
557 3843 671 3905 suoque
705 3830 768 3907 ipse
799 3829 897 3889 labore

173 3917 286 3981 eorum,
298 3911 349 3987 qui
369 3909 516 3988 quidquid
530 3908 627 3968 simile
639 3909 758 3983 aggredi
775 3910 897 3980 vellent,

176 3991 306 4054 laborem
327 3992 456 4068 prolecto
472 3991 633 4071 plurimum
649 3990 800 4051 allevavit.
811 3990 896 4062 Quod

176 4076 199 4134 si
221 4075 249 4135 id
274 4071 398 4134 minime
419 4078 579 4133 assecutus
599 4078 656 4144 est,
679 4078 748 4131 uta
776 4071 898 4132 laborio-

176 4157 217 4217 sis
238 4150 799 4233 perpetuisqueanimadversionibus,
820 4168 896 4230 quas

177 4243 258 4297 tanto
286 4233 386 4295 studio
413 4233 614 4302 concinnavit,
635 4249 752 4293 naevus
773 4248 896 4310 prorsus

174 4318 270 4378 omnis
292 4314 413 4375 abesset
434 4317 561 4390 (cavere
576 4320 677 4374 autem
693 4316 813 4374 omuino
832 4330 895 4374 ma·

175 4401 219 4460 ius
240 4404 289 4457 est
310 4396 463 4473 quiddam,
484 4412 575 4474 quam
603 4394 681 4472 quod
710 4393 748 4456 ab
776 4394 896 4455 homine

175 4476 388 4559 postulandum
410 4479 460 4549 sit,
481 4478 529 4538 cui
552 4477 709 4553 aliquoties
726 4476 851 4536 honesto
865 4482 897 4536 et

175 4559 315 4640 probabili
339 4559 460 4618 nomine
481 4574 563 4618 error
583 4557 668 4633 objici
691 4557 812 4635 potest)
837 4574 895 4618 non

174 4638 323 4720 aliquibus
345 4645 445 4700 tamen
468 4640 586 4710 naevis,
602 4637 653 4698 sed
672 4655 794 4716 corpore
815 4637 895 4698 ononi

175 4728 270 4783 totum
299 4719 450 4780 bominem
471 4721 608 4797 cognosci
634 4727 769 4797 oportere
796 4719 898 4781 nullus

176 4803 427 4882 ignoratblinime
439 4802 649 4863 veroomnium
663 4803 798 4877 ignorare
808 4799 834 4860 id
848 4799 899 4860 de·

945 1735 992 1787 est
1008 1728 1185 1803 improbata3
1198 1726 1427 1803 qualiacumque
1439 1720 1559 1782 tandem
1572 1727 1664 1795 esset,

945 1808 1194 1869 contumeliarum
1213 1806 1327 1866 aculeis
1346 1819 1510 1881 numquam
1537 1802 1665 1863 debebat

946 1890 1062 1968 insequi
1099 1887 1150 1948 sed
1167 1887 1333 1948 dicacitatis
1355 1900 1504 1963 quaenam
1523 1891 1571 1945 est
1585 1891 1665 1944 tem·

946 1974 1079 2048 perantia
1117 1969 1263 2041 llleeenti
1283 1965 1377 2026 isthac
1390 1963 1520 2042 ingentis
1540 1965 1665 2024 molimi-

947 2053 993 2110 nis
1010 2051 1139 2111 editione
1159 2048 1300 2126 pertinaci
1316 2053 1426 2107 conalu
1440 2053 1471 2104 et
1485 2047 1551 2105 sine
1575 2047 1666 2105 inter·

948 2133 1089 2192 missione
1108 2130 1165 2191 ulla
1196 2130 1274 2187 inter
1298 2133 1416 2187 ceteras
1434 2125 1553 2186 scholae
1577 2142 1666 2187 occu·

947 2215 1082 2289 pationes
1109 2210 1268 2284 conlecta,
1299 2206 1334 2267 ad
1370 2207 1502 2283 quietem
1534 2207 1665 2285 aliquam

949 2296 1217 2370 remissionemque
1235 2305 1376 2351 revocure
1388 2304 1421 2347 se
1432 2302 1520 2365 posse
1536 2287 1668 2348 blansius

946 2375 1112 2436 videbatur.
1138 2371 1194 2432 Sed
1222 2369 1368 2450 quaedam
1396 2370 1513 2447 ingenia
1539 2365 1666 2429 suntad

946 2458 1062 2535 egregia
1076 2454 1173 2517 studia
1194 2457 1232 2514 ita
1249 2470 1265 2514 a
1284 2458 1390 2513 natura
1406 2452 1468 2528 ipsa
1486 2455 1667 2528 comparata,

948 2545 981 2599 ut
998 2545 1029 2596 et
1046 2536 1236 2598 contentione
1253 2550 1406 2613 nunquam
1423 2529 1625 2608 defatigantur
1635 2536 1667 2589 et

948 2609 1668 2698 quaedoctrinarumstudiosisprodessepossint,

948 2700 1074 2760 solerter
1095 2699 1254 2775 vestigent.
1281 2698 1411 2759 rantum
1435 2696 1536 2773 itaque
1563 2691 1668 2771 abluit,

949 2788 982 2841 ut
1000 2781 1036 2841 de
1055 2781 1162 2841 laboris
1188 2780 1336 2840 levamine
1354 2777 1497 2853 cogitaret
1524 2774 1666 2849 blansius,

949 2862 1100 2942 totusjam
1115 2863 1142 2920 in
1162 2880 1196 2921 eo
1208 2867 1272 2920 erat
1285 2869 1316 2920 ut
1329 2853 1589 2921 couctttottllll
1607 2855 1669 2917 col·

949 2947 1105 3006 lectionem
1123 2959 1181 3002 non
1201 2941 1339 3002 mediocri
1357 2939 1528 3000 accessione
1546 2934 1669 2996 ditaret.

989 3023 1127 3086 Labbeus
1157 3025 1235 3083 inter
1251 3030 1368 3083 ceteros
1385 3027 1416 3081 et
1434 3018 1606 3081 cossartius
1632 3019 1668 3078 iis

950 3107 1081 3183 undique
1092 3104 1265 3177 colligendis
1278 3102 1391 3181 pridem
1404 3098 1669 3176 adlaboraverant3

948 3190 1040 3250 Coletl
1065 3186 1207 3262 deinceps
1233 3202 1304 3247 cura
1329 3199 1363 3243 ac
1381 3181 1479 3242 labore
1504 3176 1668 3239 admodum

948 3286 1024 3347 opus
1047 3273 1227 3328 accreverat.
1245 3266 1377 3327 blansius
1402 3269 1502 3322 tamen
1525 3264 1669 3320 sexcenta

951 3366 1046 3429 usque
1079 3363 1155 3408 nova
1187 3347 1316 3409 concilia
1349 3347 1377 3405 in
1407 3342 1504 3403 luceru
1535 3339 1668 3416 protulit,

950 3438 981 3491 et
1003 3431 1149 3508 plurimas
1172 3431 1241 3489 item
1265 3426 1407 3506 epistolas
1424 3428 1455 3482 et
1472 3423 1597 3482 Decreta
1615 3421 1672 3481 llo·

952 3528 1108 3571 manorum
1134 3510 1308 3571 Pontificum
1327 3516 1400 3569 tunc
1418 3505 1548 3584 primum
1573 3519 1609 3562 ex
1629 3504 1673 3562 in·

951 3591 1121 3670 signorlbus
1133 3609 1191 3671 qua
1205 3591 1319 3668 graecis
1333 3607 1390 3668 qua
1402 3588 1503 3648 latinis
1517 3581 1670 3644 codicibus

952 3689 1009 3732 non
1033 3678 1146 3733 temere
1170 3674 1285 3733 hausta.
1309 3670 1511 3730 Praelationes
1543 3663 1670 3739 singulis

949 3745 1679 3832 praeliiitadnotationescriticasphronologicas,

953 3834 1138 3909 dogmaticas
1152 3835 1304 3912 sapienter
1321 3830 1497 3891 distributas
1514 3829 1669 3905 apposuit,

955 3917 1053 3975 varios
1073 3917 1163 3974 etiam
1184 3914 1332 3975 variorum
1358 3912 1493 3972 codicum
1512 3909 1675 3986 lectiones,

955 3993 1034 4074 quud
1056 3997 1082 4053 in
1102 4012 1135 4055 ea
1155 4013 1186 4054 re
1205 3995 1302 4069 mauni
1329 3994 1463 4063 interest,
1489 4005 1579 4068 quum
1609 3986 1677 4049 diii·

956 4083 1063 4153 genter
1081 4083 1240 4138 recensuit.
1257 4077 1290 4136 lu
1309 4073 1365 4134 boc
1381 4074 1581 4135 maximarum
1600 4070 1675 4147 vigi·

956 4158 1062 4218 liarum
1087 4175 1176 4235 opere
1206 4164 1326 4236 praesto
1351 4157 1377 4214 ei
1403 4152 1523 4233 quidem
1554 4149 1677 4213 luerunt

953 4229 1677 4300 recentissimaecollectionesconciliorumdn-

951 4320 1026 4399 gilae
1054 4337 1069 4379 a
1097 4318 1262 4394 Wilktnsio,
1290 4319 1457 4397 ilungariae
1483 4332 1500 4376 a
1530 4310 1674 4385 Peterieto

949 4400 1121 4470 adornatae,
1136 4407 1166 4459 et
1185 4410 1286 4460 vetera
1315 4402 1404 4460 etiam
1425 4399 1619 4458 monumenta
1642 4407 1673 4466 tu

950 4498 1062 4542 novum
1093 4480 1312 4543 dneedotorum
1338 4479 1525 4543 Thesaurum
1551 4498 1568 4541 a
1594 4475 1675 4535 ldar-

951 4563 1031 4623 tenio
1047 4565 1204 4639 c⁰ngesta
1224 4561 1435 4623 Percornmode
1449 4562 1539 4619 etiam
1559 4562 1671 4623 tactum

952 4650 999 4702 est
1012 4649 1045 4702 ut
1061 4643 1087 4700 ei
1103 4643 1379 4719 pateretliberrime
1394 4641 1430 4701 ad
1447 4656 1532 4702 suam
1550 4643 1676 4705 rence-

953 4725 1129 4785 nonicorum
1151 4725 1330 4785 incensioni
1360 4721 1481 4798 majoris
1495 4721 1609 4801 Templi
1630 4726 1675 4785 ui-

952 4803 1189 4882 bliotbecaquae.
1203 4813 1233 4864 et
1247 4805 1521 4866 vetustissimorum
1530 4804 1672 4867 Codicum

177 4883 294 4946 boisset
306 4881 510 4961 (Momaclu'usl
524 4883 575 4960 qui
590 4884 619 4940 in
635 4881 776 4941 Romanis
788 4881 901 4941 littera·
953 4892 984 4946 et
1001 4885 1192 4961 antiquarum
1209 4883 1373 4947 editionum
1391 4892 1454 4944 tum
1468 4895 1672 4948 numerorum

177 4961 901 5044 torumEphemeridibusacriusnecsemel,Grae-
955 4967 1140 5044 praestantia
1159 4967 1353 5028 estmaxime
1365 4965 1500 5027 illustris.
1512 4964 1676 5045 Atquunta

176 5045 408 5133 oaloquacitate,
418 5047 549 5111 noesiue
559 5042 741 5108 contumelia
751 5044 899 5113 Maesium
955 5046 1119 5138 sagacitate
1130 5053 1161 5115 et
1175 5047 1296 5119 ,solerte
1308 5063 1384 5140 opus
1399 5044 1456 5113 luit
1466 5050 1685 5129 siquenm-
