3464 5318
191 313 251 374 336
296 310 300 318 ’
701 326 704 334 ’
773 304 1117 369 carnalitati

194 423 224 480 S.
237 417 423 479 Antoninum
440 429 577 474 summae
595 413 753 474 historicae
764 415 810 473 tit.
824 415 915 488 xlii,
973 416 1102 476 titionem
1112 409 1628 476 diuersorumhabuerantacrihere
1638 427 1698 491 ope·

193 532 259 593 cap.
273 514 319 574 44.
337 528 421 588 seqq.
437 515 508 568 4343.
521 508 560 567 444
573 523 656 586 ,pag
670 507 738 568 692.
748 525 832 585 seqq.
847 510 917 568 Pro·
971 525 1009 568 ro
1025 508 1152 588 virginis
1166 507 1214 586 (S.
1226 509 1404 570 Catharinae
1415 509 1424 585 J
1436 513 1466 569 34
1479 506 1650 588 aliquando
1668 512 1698 566 at

194 623 316 667 cessam
347 602 600 663 contestationem
631 617 723 680 super
756 604 916 662 sanctitate
966 602 1134 682 plurimam
1149 602 1180 661 in
1196 601 1321 674 Latino,·
1338 601 1517 681 quandoque
1548 617 1623 662 vera
1639 596 1699 660 334-

195 707 236 759 34
254 699 387 758 doctrina
415 697 447 756 3.
478 695 656 757 (1344344333
682 695 719 756 63
747 697 834 757 Senis
864 714 918 776 per
968 696 1042 775 gari
1055 713 1189 757 33434333
1206 701 1263 755 etc.
1275 695 1431 755 Dictorum
1447 701 1553 755 antem
1571 692 1698 772 scripto

193 783 435 848 Fllllh'ClSCUM
452 799 490 844 na
508 784 665 846 VlVlANO
678 830 684 862 ,
698 787 853 846 Notarium
866 831 873 861 ,
886 792 917 846 et
970 807 1041 851 rnrn
1057 807 1136 850 anas
1153 787 1324 869 appellatur
1341 788 1521 850 Gailtelmns
1538 788 1577 850 de
1592 785 1698 868 Apulia

193 877 422 942 STEPHANUM
444 892 482 937 33
505 879 633 953 SENlS,
650 879 772 940 Ordinis
788 879 918 941 Cartha·
969 882 1114 961 maqr'rter
1127 881 1508 956 scholarum;etmoratur
1520 883 1697 944 incontrato

191 973 320 1049 3433343,
334 970 413 1051 apud
428 970 625 1032 Edmundum
641 973 775 1033 hlartene
790 979 862 1032 4334.
877 973 915 1033 Vl
972 979 1002 1040 S.
1015 976 1155 1038 Severini
1163 976 1255 1053 (alius
1266 983 1313 1037 est
1330 994 1347 1036 a
1364 976 1517 1038 Gulielmo
1528 976 1696 1056 Apuliensi,

193 1072 461 1126 monumentorum
482 1082 549 1144 pag.
573 1065 651 1126 4238
672 1071 703 1126 34
724 1067 829 1128 4369-4
838 1066 915 1140 386,
971 1069 1009 1130 63
1036 1087 1095 1148 quo
1122 1071 1274 1131 Fabricius
1298 1087 1354 1130 333
1381 1069 1466 1146 4333)
1483 1066 1579 1141 aliur
1592 1067 1696 1130 dicitur

194 1160 245 1220 uhi
262 1167 293 1221 et
309 1159 394 1220 33143
409 1159 484 1218 sixti
500 1160 538 1219 lV
552 1176 612 1236 qua
627 1159 820 1220 Catharinam
838 1159 916 1219 hanc
970 1163 1121 1225 Henrt'ctts
1137 1162 1173 1222 de
1187 1162 1347 1243 Aproniana,
1362 1161 1511 1241 magister
1527 1161 1693 1223 scholarum

194 1270 265 1314 cum
284 1254 378 1312 sacris
393 1252 585 1330 stigmatibus
601 1254 724 1331 pingere
741 1258 793 1312 334
806 1254 916 1331 pictam
973 1257 1004 1318 in
1031 1261 1169 1316 contrata
1185 1258 1208 1318 S
1230 1256 1375 1332 Joonnr‘a,·
1388 1254 1470 1316 oliae
1484 1255 1659 1317 Ladooicao
1670 1255 1694 1314 in

192 1346 242 1406 vel
261 1345 362 1405 4434343
381 1345 509 1424 44344343,
525 1352 669 1423 tanquam
687 1346 741 1406 soli
759 1348 917 1406 Francisco
972 1355 1110 1410 contrata
1125 1352 1156 1412 S.
1175 1349 1281 1410 Leonis
1292 1370 1302 1424 ;
1315 1348 1397 1412 aliar
1410 1354 1544 1410 vacatur
1560 1348 1693 1428 Angusti-

191 1443 346 1520 proprium
359 1485 366 1516 ‚
381 1440 438 1501 suh
451 1441 640 1518 gravissimis
657 1442 761 1518 poenis
778 1439 917 1519 prohibe·
970 1461 1028 1504 ntra
1050 1444 1079 1503 in
1101 1434 1240 1503 contrata
1261 1444 1292 1505 S.
1318 1443 1377 1505 Viti
1384 1463 1395 1519 ,·
1411 1442 1493 1503 aliaa
1522 1441 1623 1502 6434433
1642 1440 1691 1501 ile

192 1543 252 1595 434.
263 1536 307 1595 33
318 1534 479 1613 scriptisS.
492 1533 671 1595 Catharinae
687 1549 745 1592 non
759 1540 807 1593 est
824 1531 916 1610 hujus
970 1536 1061 1598 draus
1078 1537 1114 1597 de
1131 1536 1249 1596 civitate
1270 1535 1437 1597 3334344333
1458 1535 1489 1595 in
1511 1540 1652 1597 contrata
1664 1536 1687 1596 S.

192 1629 247 1688 loci
267 1628 359 1707 plura
386 1629 518 1701 reterre,
545 1643 616 1687 cum
643 1644 703 1686 non
729 1628 833 1708 Latine
865 1627 915 1686 illa
969 1630 1203 1691 Marioenooae.
1219 1629 1345 1708 Scripsit
1359 1631 1451 1689 etiam
1466 1627 1505 1689 de
1520 1628 1633 1689 celebri
1646 1629 1689 1688 hac

190 1723 365 1799 scripserit,
383 1720 436 1780 sed
454 1721 576 1781 ltalicc:
595 1737 769 1799 quanquam
792 1726 915 1781 exstant
970 1724 1096 1785 muliere
1112 1723 1293 1801 opusculum
1307 1722 1437 1783 lacobus
1454 1722 1494 1783 63
1505 1721 1648 1784 Militibus
1661 1720 1688 1781 de

194 1813 439 1876 althhth'DO
460 1815 583 1874 Latinae
604 1815 761 1874 versiones
781 1812 918 1892 Diolcqo-
970 1820 1069 1878 4434443
1085 1817 1238 1876 Politiano.
1256 1813 1329 1877 lbid.
1347 1833 1414 1894 pag.
1432 1817 1511 1877 Stil.

192 1925 263 1968 ram
277 1908 315 1968 de
326 1907 516 1969 Providentia
530 1909 595 1970 DEI
611 1914 642 1967 et
655 1907 832 1967 Orationem
844 1923 917 1984 qun·
1012 1911 1068 1988 (70
1094 1911 1167 1971 Vide
1196 1916 1227 1971 34
1256 1910 1494 1986 Praelationem,
1523 1927 1585 1989 qua
1613 1907 1687 1970 editio

193 2002 337 2078 4336334,
349 2001 510 2080 ingolstad.
525 2001 618 2075 4583,
633 2002 661 2059 8.
672 2000 812 2061 Coloniae
827 2001 915 2062 4604.
969 2007 1047 2067 Hier.
1064 2004 1141 2083 Gigli
1163 2003 1295 2082 incipit.)

191 2099 326 2157 venetiis
350 2097 422 2158 4644
441 2142 448 2173 ,
471 2098 498 2155 8.
520 2098 552 2154 34
572 2092 699 2155 Divinae
720 2093 873 2154 doctrinae
889 2096 915 2169 a)
1010 2099 1041 2158 Si
1053 2099 1204 2175 quievero
1221 2102 1288 2158 3343
1303 2097 1352 2157 4443
1368 2098 1542 2176 perlegerit,
1557 2098 1686 2176 intelliget

193 2189 282 2250 etatae
294 2207 353 2268 per
365 2191 530 2249 Personam
544 2187 663 2247 aeterni
674 2187 790 2262 Patris,
806 2186 917 2247 intelle·
970 2192 1102 2270 prolecto
1116 2191 1236 2250 nonnisi
1247 2207 1302 2269 per
1313 2206 1466 2251 summam
1480 2191 1687 2270 impudentiam

188 2284 254 2344 ctai
270 2281 433 2361 loquentis,
453 2282 592 2343 Coloniae
611 2282 708 2355 4553,
731 2282 779 2342 434.
801 2280 917 2360 lapara
969 2285 1065 2347 333344
1090 2283 1128 2344 ab
1149 2280 1362 2344 hethercdoxis
1387 2285 1591 2362 scriptoribus
1617 2299 1687 2344 reve

189 2377 494 2439 taeCCCLXIVnon
520 2374 608 2433 modo
629 2374 731 2434 italice
753 2374 852 2434 lucem
869 2377 915 2432 vi·
969 2377 1096 2437 lationes
1127 2376 1157 2436 S·
1189 2376 1370 2437 Catharinae
1402 2377 1555 2437 confictas
1586 2391 1684 2442 33333

191 2471 303 2530 634334
319 2471 426 2530 Venet.
442 2467 519 2528 4600
534 2511 540 2542 ,
554 2467 602 2527 434.
618 2467 831 2527 verumetiam
846 2467 929 2535 Gal·¹
968 2471 1002 2532 F.
1013 2469 1202 2548 haymardo,
1213 2486 1283 2531 cum
1297 2469 1500 2547 Raymundus
1516 2470 1567 2532 4443
1582 2473 1628 2530 vir
1640 2471 1688 2530 433

191 2563 247 2622 4433
264 2564 383 2622 Parisiis
401 2560 498 2636 4644,
517 2561 544 2619 l.
562 2560 621 2620 Sed
640 2563 804 2622 novissime
825 2578 914 2640 opera
968 2565 1007 2623 444
1017 2564 1225 2641 gravissimus,
1237 2569 1271 2623 34
1283 2567 1385 2623 433433
1396 2563 1587 2642 imposturae
1598 2579 1686 2624 34334

190 2658 291 2717 omnia
308 2655 489 2716 Catharinae
515 2673 574 2714 non
603 2658 668 2715 sine
693 2658 826 2717 auctario
843 2655 913 2733 jun·
965 2656 1020 2718 dae
1038 2659 1133 2735 impar
1150 2655 1251 2716 haberi
1272 2654 1389 2715 debeat.
1416 2656 1462 2716 33
1491 2659 1561 2718 3433
1588 2658 1684 2719 333344-

190 2751 263 2808 ctim
277 2764 390 2809 3443333
405 2755 478 2808 3334
492 2749 593 2808 4434433
609 2750 696 2809 Senis
712 2747 804 2822 4707,
815 2748 887 2809 4724
906 2794 912 2826 ,
967 2752 1067 2811 monia
1093 2750 1266 2828 Stephanus
1284 2748 1320 2810 de
1336 2748 1513 2810 liaconibus
1532 2750 1691 2812 (1344443343-

190 2861 274 2921 seqq.
291 2844 327 2919 4,
342 2845 432 2903 433443
449 2845 603 2920 quinque,
616 2843 645 2919 b)
661 2860 721 2902 333
737 2859 807 2902 3334
823 2843 914 2902 voca·
968 2861 1027 2905 333
1043 2845 1113 2904 34434
1127 2844 1220 2902 434433
1231 2841 1345 2902 ordinis
1356 2840 1496 2902 Antistes
1508 2843 1621 2905 ibidem
1635 2859 1687 2922 pag.

187 2936 303 2997 bulario
319 2938 540 2998 Cathariniano.
570 2936 666 3015 Opere
689 2933 768 2996 della
785 2934 913 3014 anafica
968 2938 1045 3000 4388
1076 2937 1282 2996 testimonium
1309 2933 1404 2994 344344.
1433 2935 1567 3014 Insuper
1599 2934 1688 2999 eadem

186 3036 275 3091 canta
297 3030 442 3093 Caterino
463 3028 504 3089 da
521 3030 621 3091 Stena.
640 3030 753 3091 Curam
773 3028 912 3089 editionis
967 3032 1082 3107 virgine
1099 3029 1232 3089 dictante
1250 3029 1380 3105 scriptas
1402 3027 1469 3088 illas
1493 3030 1627 3092 affirmat
1646 3028 1689 3088 ihi·

187 3129 280 3205 gessit
297 3127 499 3203 Hieronymus
527 3124 619 3202 Gigli,
642 3131 729 3183 notas
750 3121 910 3201 Epistolr'c,
966 3121 1035 3182 dem
1054 3125 1085 3182 F.
1100 3121 1351 3182 Bartholomadus
1367 3120 1405 3183 de
1423 3124 1566 3185 Ferraria
1584 3125 1691 3203 inquisi-

185 3219 296 3297 quibus
311 3218 440 3279 ineditae
456 3224 544 3278 antea
558 3219 657 3278 XXlll
671 3232 827 3277 accessere
840 3259 847 3291 ‚
860 3215 913 3275 ad·
966 3223 1013 3275 tor
1023 3215 1222 3275 Ferrariensis
1236 3216 1283 3272 vir
1296 3213 1405 3275 doctus
1416 3221 1447 3276 et
1459 3216 1542 3294 pius.
1555 3215 1590 3278 ld
1604 3220 1686 3296 ipsun

186 3313 261 3373 didit
290 3313 460 3373 Fridericus
490 3310 729 3388 Burlamachus,
757 3310 821 3369 Soc.
850 3311 912 3368 433.
945 3337 947 3341 <
967 3311 1100 3368 sensisse
1121 3314 1195 3367 4333
1215 3324 1286 3368 3334
1300 3306 1375 3367 haec
1389 3315 1457 3368 3343
1475 3309 1691 3389 excipiebantur

193 3407 400 3466 Praemittitur
429 3408 492 3465 vita
520 3423 537 3464 3
564 3401 743 3480 4434433363
772 3404 914 3481 Capuano
968 3399 1168 3474 atabcllione,
1181 3399 1372 3461 affirmarunt
1386 3400 1428 3460 illi
1446 3403 1693 3481 3333333444-

185 3501 297 3576 scripta
312 3517 350 3558 ex
367 3497 613 3576 interpretatione
635 3496 736 3556 ltalica
753 3495 909 3556 Barduccii
966 3494 1067 3572 ginem
1084 3491 1165 3551 illam
1187 3495 1383 3570 superstitem
1401 3492 1567 3570 viderant,
1585 3505 1688 3556 34333

184 3593 362 3668 Canigiani,
384 3599 414 3651 et
441 3589 575 3669 Diatoqir
603 3596 722 3667 praeter
748 3595 910 3649 tractatum
968 3586 1017 3645 illa
1034 3585 1285 3646 consuetudinem
1313 3585 1484 3647 habuerant
1507 3588 1691 3658 43344443433,

187 3687 326 3764 quintum
342 3683 516 3764 adjungitur
529 3683 670 3763 Apologia
681 3683 840 3761 haphattlis
850 3684 911 3742 4443-
969 3681 1102 3758 quinque
1120 3685 1193 3739 tunc
1211 3680 1309 3740 vocati
1325 3679 1539 3742 testimonium
1549 3678 1642 3758 iurati
1654 3691 1692 3741 43·

193 3779 253 3837 4433
275 3778 459 3857 4443433364,
486 3777 626 3857 Episcopi
651 3776 791 3854 Sessani,
812 3780 915 3835 contra
969 3772 1079 3835 lerunt.

188 3870 368 3934 Gatharinae
383 3871 610 3933 obtrectatores.
1010 3865 1228 3928 CATHARINA
1251 3866 1310 3926 iilia
1339 3867 1369 3926 S.
1390 3867 1539 3944 Birgittae
1563 3872 1691 3931 Svecioae
1721 3933 1727 3942 ,

230 3963 247 4000 ³*
262 3963 319 4035 Qui
333 3965 363 4026 S.
378 3964 557 4026 catharinae
575 3964 666 4027 huius
680 3965 775 4024 vitam
790 3963 917 4042 scripse·
959 3962 979 4038 4
994 3958 1031 4019 63
1048 3977 1108 4038 qua
1125 3976 1217 4036 supra
1234 3975 1300 4038 pag.
1319 3959 1388 4020 268.
1411 3961 1480 4037 sq.)
1504 3960 1648 4024 defuncta
1664 3961 1691 4022 44.

187 4057 249 4117 4434
265 4072 325 4117 333
340 4074 421 4118 3333
436 4060 492 4118 4344
508 4057 721 4136 3344333633,
739 4055 777 4117 63
793 4071 853 4134 quo
868 4055 915 4114 4443
972 4054 1059 4115 4384.
1072 4054 1127 4130 (al.
1140 4052 1241 4126 4396.)
1252 4052 1290 4112 63
1301 4070 1361 4130 qua
1374 4053 1486 4115 Sarius
1497 4063 1530 4115 34
1541 4055 1620 4119 Acta
1631 4059 1692 4118 San-

188 4150 340 4212 Fabricius
353 4198 360 4228 ,
372 4152 420 4212 3444
432 4154 523 4212 344343
540 4151 709 4230 plerunque
727 4150 818 4226 ignoti
835 4163 916 4207 com-
971 4153 1087 4206 3434343
1108 4147 1157 4209 22.
1174 4148 1289 4222 Martii,
1305 4153 1337 4206 et
1363 4149 1499 4208 Bzovius
1521 4151 1563 4211 36
1583 4153 1693 4213 Annum

189 4250 396 4305 memorantur
428 4247 458 4303 in
489 4261 633 4323 processu
663 4243 914 4303 contestationum
972 4241 1060 4301 4384.
1078 4257 1162 4301 num.
1179 4240 1228 4302 23.
1247 4257 1332 4319 seqq.

188 4339 218 4398 S.
236 4336 415 4399 catharinae
433 4339 578 4398 Senensis
594 4337 717 4415 vulgato
734 4352 750 4396 a
767 4337 799 4400 P.
809 4337 915 4395 Marte
1006 4332 1023 4369 '⁶
1039 4333 1078 4395 Ut
1091 4340 1173 4395 certo
1190 4333 1295 4396 delinit
1309 4335 1444 4397 34344334
1459 4336 1696 4400 Vazstenensea

190 4449 227 4492 ne
244 4433 313 4494 Vct.
325 4435 402 4493 lton.
421 4438 442 4490 4.
457 4432 506 4494 Vl.
522 4432 563 4492 ihi
579 4432 659 4491 enim
676 4429 713 4490 ad
742 4445 808 4507 pag.
836 4429 911 4488 42944
968 4426 1109 4488 33343443
1123 4428 1386 4507 vulgatumvitao
1397 4429 1466 4490 eius
1478 4429 1638 4494 historiam
1650 4433 1699 4492 rhi-

191 4525 264 4585 haec
286 4526 447 4605 leguntur:
473 4527 560 4586 Hanc
584 4521 746 4584 ochraliter
769 4520 911 4596 Venetiir,
968 4521 1080 4581 thmico
1090 4527 1186 4581 metro
1197 4522 1317 4600 scripsit
1326 4523 1460 4583 loannes
1471 4523 1697 4587 Benecchinide

190 4616 352 4696 scriptores
367 4618 450 4679 altro
466 4619 542 4679 34433
556 4614 795 4698 quidesantqui
808 4613 850 4674 ad
861 4632 913 4693 pe
967 4613 1137 4674 Calmarnia
1170 4614 1389 4690 0elandensis,
1419 4617 1472 4693 qui
1506 4633 1591 4679 3333
1623 4621 1698 4682 4464.

970 4709 1051 4767 obiit.
1070 4707 1195 4785 lncipit:
1222 4708 1348 4768 Laetare
1377 4708 1451 4769 Sion
1477 4708 1569 4790 filia,
1577 4710 1700 4794 jocando

967 4797 1019 4879 [33
1031 4797 1172 4879 tripudio.
1184 4799 1258 4860 Vide
1270 4799 1350 4860 idem
1361 4802 1500 4864 34344334
1512 4804 1552 4866 36
1565 4811 1633 4869 334
1641 4806 1697 4867 tot.

233 4861 259 4921 ⁸)
277 4862 366 4910 ⁰⁰¹¹s⁰f
382 4863 511 4911 ΟΜΝ]
528 4869 590 4910 '⁰¹¹¹'
608 4863 641 4906 ¹¹¹
654 4895 661 4921 ’
676 4873 734 4921 Μ’
752 4857 830 4916 ”m'
848 4869 918 4918 ΜΨ
970 4895 1053 4956 46343
1065 4896 1177 4973 pariter
1190 4895 1317 4972 scriptor
1334 4893 1456 4956 dedisse
1469 4897 1586 4978 legitur
1603 4901 1700 4962 ibidem

235 4936 262 4999 h)
281 4939 395 4986 34344334
415 4939 578 4987 3436443433
598 4935 683 4984 4434433
699 4941 761 4984 4334.
776 4935 844 4990 xlx,
862 4943 919 4993 pag.

68 5074 71 5079 ¹
184 5010 243 5062 433.
256 5017 318 5061 rom.
331 5014 414 5074 43444,
424 5025 448 5074 p.
470 5011 517 5059 33
530 5017 555 5060 or
568 5018 629 5060 rom.
641 5013 743 5069 xxxiv,
759 5007 917 5071 pastea
970 4988 1124 5049 historiam
1140 4986 1176 5048 de
1192 4989 1224 5050 S.
1241 4985 1395 5067 84343333,
1411 5004 1495 5068 quae
1514 4992 1700 5076 iucipitzdr·
