3464 5318
722 347 784 407 CE
799 346 822 406 L
839 346 859 407 S
874 346 899 408 U
913 346 933 405 S

77 444 145 524 geio
163 446 247 508 Celso
266 450 366 523 JCtis,
384 456 415 508 et
431 449 468 510 de
489 449 567 510 iiiia
586 450 690 528 Celso,
708 452 797 530 cuius
850 425 977 532 bergas,
994 456 1073 531 quod
1095 458 1157 535 ipse
1175 458 1223 518 his
1243 416 1381 522 versibus
1402 360 1568 525 4444444444

79 538 190 602 librum
206 542 244 603 de
261 542 418 604 haereticis
434 545 552 623 capitali
573 546 717 623 supplicio
737 563 797 606 non
851 547 1006 608 hominum
1023 551 1164 612 mandare
1183 570 1242 613 non
1259 553 1426 616 dubitavit:

76 634 243 696 efficiendis
260 636 423 710 habemuS,
440 636 554 714 dequo
576 637 637 697 dixi
665 640 694 698 in
723 637 796 699 libio
859 656 958 704 Primus
974 666 1022 718 ego
1037 655 1141 705 titulum
1156 660 1224 719 gessi
1241 670 1385 721 nomenque
1401 662 1511 722 nosue,

75 727 334 808 de‘Evangclicae
355 730 431 790 lucis
451 733 661 808 propagatione
678 750 705 809 p.
727 733 794 793 505.
860 731 1120 782 maerensmaerens
1136 731 1220 784 laurei
1239 745 1322 793 ⁰⁰¹⁸.
1342 734 1416 786 mibi.

118 821 135 858 ⁸*
149 822 228 883 Celsi
243 822 332 883 huius
347 822 440 883 haheo
454 840 601 884 excusum
616 825 795 902 opusculum
849 821 919 879 Post
934 820 1111 882 Academias
1121 823 1184 884 XV.
1196 825 1222 898 a)
1237 841 1314 901 quae
1329 832 1402 886 tunc
1415 826 1562 889 florebant

77 914 135 976 hoc
152 917 240 976 titulo
254 917 472 976 Monumentum
487 915 724 997 compendiosum
737 935 795 997 pro
848 913 878 971 in
895 913 1073 989 Germania,
1091 932 1150 974 non
1169 917 1317 977 incuriose
1334 918 1477 980 lustratus
1486 967 1496 995 ,
1514 921 1563 980 In·

73 1006 310 1088 confessionibus
324 1008 534 1072 cardinalium
550 1011 794 1091 reliquorumque
847 1005 982 1093 golstadii
998 1007 1092 1067 bonas
1113 1008 1229 1069 litteras
1250 1008 1351 1070 docuit
1367 1008 1454 1072 Anno
1471 1014 1559 1074 4495.

75 1102 298 1163 Praelatorum.
312 1104 422 1164 Prodiit
438 1102 493 1164 An.
513 1104 590 1165 4478
607 1107 721 1183 absque
736 1105 793 1165 loci
846 1098 915 1159 inde
931 1099 968 1159 ab
982 1098 1038 1159 444·
1058 1102 1146 1162 4504·
1166 1101 1316 1178 Viennae,
1335 1104 1384 1164 Ubi
1402 1106 1561 1177 BibliOthe-

73 1195 279 1274 adscriptione
296 1198 326 1255 in
345 1198 371 1256 i.
389 1199 462 1257 item
478 1199 588 1259 Romae
607 1200 678 1260 4494
695 1243 703 1275 ‚
721 1201 749 1261 i,
805 1188 896 1253 *cae
910 1192 1074 1254 Caesareae
1091 1197 1259 1272 praefectus
1275 1196 1354 1257 diem
1369 1197 1442 1258 obiit
1457 1216 1561 1278 supre-

114 1289 276 1362 CELSUS,
293 1293 344 1366 qui
372 1306 405 1349 sc
431 1290 588 1368 profitetur
615 1294 790 1370 scriptorem
843 1303 927 1346 mum
952 1284 1008 1346 An·
1032 1287 1119 1347 ⁴508·
1142 1287 1170 1346 4.
1191 1289 1274 1348 Febr.
1301 1291 1458 1352 Memoriae
1485 1308 1558 1353 suae

70 1381 162 1441 libelli
177 1382 213 1442 de
224 1383 240 1440 J
244 1382 347 1442 udaica
360 1382 578 1443 incredulitate.
588 1384 660 1445 Vide
670 1385 788 1445 lioberti
842 1394 1004 1455 praecones
1014 1385 1122 1440 noctus
1132 1387 1188 1456 est,
1197 1387 1230 1442 ut
1242 1384 1559 1463 meruitmultosprae-

68 1474 139 1535 Caci
157 1491 317 1536 censuram
332 1477 513 1553 scriptorum
527 1485 666 1538 veterum
678 1495 706 1556 p.
721 1478 787 1540 452.
841 1472 1008 1550 0434084416,
1027 1474 1162 1551 inprimis
1173 1477 1272 1536 Virum
1284 1476 1419 1548 doctum,
1437 1481 1488 1555 (4414
1505 1479 1559 1538 8⁰-

109 1567 273 1628 CENClUS
289 1566 324 1626 de
339 1565 486 1645 Sabellis,
508 1569 673 1631 Cardinalis
688 1576 719 1630 et
736 1587 789 1649 po-
839 1563 954 1625 cietoiis
970 1564 1151 1627 litterariae
1164 1567 1324 1629 Rhenanus
1335 1571 1364 1647 bi
1381 1573 1500 1632 nomine
1514 1574 1560 1631 vi·

67 1656 134 1721 'stea
154 1661 344 1722 HONOiiiUS
360 1664 414 1722 2111.
437 1663 513 1740 Papa
534 1663 572 1722 ab
592 1661 679 1723 Anno
698 1665 785 1725 4246,
839 1664 901 1717 tarn
918 1657 984 1735 ejus
1004 1659 1142 1736 praefixit
1162 1664 1353 1724 Poematibus
1370 1666 1484 1743 Celtis,
1505 1682 1558 1727 ex-

66 1755 116 1815 48.
129 1755 200 1815 iulii
217 1754 254 1815 ad
272 1753 360 1817 4347.
383 1758 430 1817 48.
446 1757 551 1817 Martii.
571 1757 696 1835 scripsit
713 1774 787 1817 non·
839 1752 921 1811 cusis
936 1750 1124 1829 Argentorati
1144 1756 1241 1829 4543,
1260 1755 1286 1814 4.
1304 1759 1465 1819 Henricum
1481 1761 1557 1820 Pan-

66 1846 141 1908 dum
154 1850 290 1908 Pontifex
304 1849 521 1912 caerimoniam
528 1851 784 1928 Romanumquod
837 1845 986 1905 taleonem
1003 1846 1089 1904 Parte
1106 1846 1134 1906 2.
1152 1846 1189 1907 de
1206 1849 1284 1909 Viris
1302 1851 1469 1913 illustribus
1484 1853 1556 1913 Ger-

65 1941 198 2018 primum
210 1942 346 2020 vulgavit
357 1943 543 2004 Mabillonius
559 1948 639 2002 tomo
651 1943 678 2004 44
690 1944 785 2003 blusei
838 1941 968 2014 maniae,
982 1938 1172 2000 Melchiorem
1189 1940 1339 2003 Adamum
1355 1945 1383 2002 in
1400 1947 1472 2005 vitis
1489 1947 1556 2006 Phi-

65 2031 161 2091 ltalici
177 2051 243 2111 pag.
262 2035 328 2096 467.
351 2036 420 2095 340.
441 2033 566 2096 Librum
586 2051 728 2104 censuum
747 2035 785 2096 de
837 2032 1048 2110 losophorum,
1074 2034 1196 2094 Petrum
1223 2036 1415 2097 Lambecium
1443 2041 1553 2119 tornogl

65 2125 207 2186 omnihus
221 2128 304 2187 Rom.
314 2129 468 2189 Ecclesiae
485 2128 632 2189 reditibus
645 2135 677 2188 et
692 2130 786 2188 vecti·
837 2126 911 2186 uini.
932 2118 1055 2187 Vindoh.
1077 2144 1143 2205 pag.
1166 2129 1214 2189 34.
1235 2145 1301 2206 seq.
1326 2131 1465 2191 Vossium
1486 2149 1575 2211 pag..

64 2219 184 2296 galibus
200 2220 303 2281 habuit
320 2223 485 2296 Baronius,
502 2225 554 2299 qui
571 2222 784 2300 praelationem
838 2221 905 2280 644.
922 2220 960 2280 de
976 2221 1130 2280 ilistoricis
1145 2223 1271 2296 Latinis,
1287 2229 1317 2282 et
1331 2225 1383 2301 qui
1400 2241 1470 2302 prae
1486 2242 1553 2286 cae-

64 2312 158 2372 edidit
182 2313 219 2373 ad
236 2314 357 2375 Annum
387 2317 482 2377 iiie..
502 2332 584 2376 num.
603 2317 649 2375 49.
674 2315 783 2377 Habuit
836 2315 909 2373 teris
925 2312 1082 2392 diligenter
1099 2316 1128 2373 in
1146 2315 1202 2374 hoc
1218 2325 1395 2393 argumento
1411 2325 1552 2379 versatus

61 2408 154 2466 etiarn
165 2407 323 2483 Onulrius,
335 2415 370 2469 ut
382 2426 420 2468 ex
433 2426 540 2486 magno
550 2407 616 2484 ejus
628 2409 781 2470 ritualium
834 2409 891 2476 est,
900 2406 1314 2485 D.Nicolaumllieronymum
1325 2409 1550 2489 Gundlingium,

61 2507 202 2562 veterum
220 2518 327 2579 opere,
345 2504 404 2563 iiis.
422 2504 451 2561 in
469 2502 650 2563 Bibliotheca
665 2503 782 2563 Vatica-
833 2496 1083 2560 Observationum
1091 2501 1270 2572 selectarum
1280 2508 1352 2562 tom.
1367 2505 1379 2562 l
1393 2503 1550 2564 Observat.

62 2610 120 2672 na,
138 2596 254 2655 notavit
271 2597 379 2673 Pagius
395 2596 433 2656 ad
450 2597 507 2656 An.
525 2597 612 2657 4432.
630 2614 712 2658 num.
732 2597 781 2658 l2.
832 2592 853 2651 I.
871 2590 997 2671 ejusque
1014 2594 1206 2655 insistentem
1222 2598 1359 2673 vestigiis
1376 2600 1407 2656 Β.
1430 2587 1550 2658 liobae-

60 2703 100 2747 ex
117 2704 177 2763 quo
191 2695 309 2748 constat
325 2690 451 2766 singuiis
467 2691 558 2749 etiam
574 2705 591 2749 a
609 2688 780 2750 (144444444-
833 2701 901 2745 rum
917 2692 1055 2747 nostrum
1069 2687 1270 2750 CenturiaVl.
1288 2689 1486 2751 Bibliothecae
1501 2693 1552 2752 iii-

60 2779 125 2840 dita
141 2780 259 2858 publica
276 2781 468 2842 documenta.
833 2779 960 2840 storicae
972 2781 1331 2862 Hamburgcnsiscapsc.
1343 2783 1472 2845 Conradi
1484 2786 1551 2847 Cel-

100 2873 119 2909 *
131 2874 276 2934 Liberille
294 2876 449 2937 Censuum
461 2876 491 2936 S.
502 2877 535 2935 R.
550 2876 583 2935 E.
596 2893 688 2953 quern
702 2877 779 2938 Cen·
833 2875 872 2932 tis
889 2876 1066 2951 proseuticis
1083 2876 1273 2938 Carminibus
1283 2876 1321 2936 ad
1335 2876 1440 2937 divum
1451 2879 1551 2940 Fride-

59 2970 129 3027 cius
139 2968 197 3026 iste
207 2967 332 3045 digessit
341 2967 403 3044 jam
414 2969 536 3029 tandem
548 2970 665 3047 prodiit,
676 2988 781 3048 quarn-
833 2967 928 3026 ricum
944 2970 1067 3029 tertium
1081 2987 1140 3048 pro
1154 2967 1261 3029 burco
1275 2969 1456 3048 Apollinari,
1472 2991 1551 3050 quae

59 3077 154 3138 quam
173 3077 232 3120 non
249 3062 314 3120 sine
331 3063 607 3140 interpolationibus
628 3080 683 3125 seu
697 3063 780 3124 addi-
834 3058 926 3118 haheo
941 3060 1021 3121 edita
1031 3062 1241 3139 Norimbergae
1256 3064 1340 3122 icco.
1354 3065 1380 3122 i.
1392 3064 1551 3141 subjicitur

59 3155 207 3214 umentis
225 3171 242 3214 a
259 3155 472 3232 posterioribus
488 3155 619 3216 inductis
630 3172 719 3234 opera
734 3155 778 3218 Cl.
830 3151 932 3230 ficere
949 3152 1032 3214 Coeli
1049 3151 1104 3212 An.
1123 3154 1212 3214 4487.
1232 3156 1246 3215 4
1252 3156 1279 3213 8.
1300 3154 1402 3234 Aprile
1420 3155 1495 3217 liora
1516 3161 1545 3218 5.

60 3249 215 3308 Muratorii
226 3249 255 3305 in
267 3254 338 3307 torn.
351 3249 384 3308 V.
396 3247 515 3307 dissert.
534 3248 703 3309 Mediihevi
715 3264 779 3326 pag.
834 3242 891 3304 ii'.
910 3242 972 3308 iel.
990 3245 1157 3323 inaequatis
1187 3249 1200 3321 (
1207 3247 1345 3323 aequalis
1363 3245 1438 3306 liora
1462 3249 1491 3310 6.
1510 3247 1546 3309 i'.

58 3342 132 3402 854.
147 3341 215 3400 908.
232 3340 376 3400 Eiusdem
395 3344 486 3401 etiam
506 3341 641 3420 opusculi
663 3341 780 3401 MStum
834 3335 898 3402 20⁹.
905 3340 918 3414 )
926 3344 998 3416 post
1011 3337 1184 3414 meridiem,
1196 3356 1253 3418 quo
1271 3345 1399 3417 tempore
1416 3338 1554 3402 beraea-

60 3433 136 3496 Cod.
154 3433 352 3494 chartaceum
370 3434 453 3493 Sacc.
470 3436 525 3495 XV
542 3441 652 3494 servat.
675 3434 783 3495 Biblio-
836 3436 884 3490 ius
901 3435 928 3490 el
945 3429 1101 3491 laureatus
1116 3436 1161 3490 est
1172 3449 1192 3489 o
1205 3432 1338 3493 Caesare
1353 3432 1383 3492 in
1396 3451 1468 3495 arce
1485 3435 1549 3496 Nu·
1643 3495 1646 3501 ,

59 3528 152 3588 theca
169 3527 341 3588 Canonicor.
352 3529 450 3588 Maior.
462 3527 614 3589 Ecclesiae
626 3528 780 3602 bucensis,
836 3520 1015 3602 raberqensi
1029 3523 1187 3585 Corradus
1200 3523 1302 3602 Celtis,
1321 3532 1422 3586 erecta
1433 3543 1492 3606 per
1504 3530 1554 3589 Jo-

60 3639 101 3682 ex
123 3636 184 3697 quo
212 3619 335 3680 lacunas
353 3622 382 3679 in
399 3619 478 3681 edito
494 3621 644 3680 Muratorii
665 3621 784 3681 relictas
837 3634 946 3677 annem
958 3620 1071 3678 llanter
1084 3616 1120 3677 de
1132 3617 1300 3697 Groninqen
1317 3620 1437 3681 Frisiae
1449 3620 1555 3681 Astro-

60 3714 189 3793 implere
211 3712 289 3773 licet.
836 3727 954 3773 nonum
966 3728 1024 3789 pro
1039 3716 1108 3771 tunc
1122 3709 1187 3772 diui
1195 3713 1389 3792 Imperatoris
1401 3715 1552 3776 Friderico
1610 3746 1614 3750 -

103 3805 264 3871 Conradus
285 3806 450 3880 CELTES,
465 3807 522 3867 alio
537 3807 656 3866 nomine
674 3807 783 3866 Proiu·
837 3804 919 3864 tertii
926 3821 1043 3884 semper
1054 3804 1190 3882 Augusti.
1204 3808 1310 3867 Nescio
1327 3824 1365 3867 an
1383 3807 1453 3868 huic
1470 3811 1555 3868 testi-

60 3903 129 3965 cius
143 3908 174 3962 et
190 3899 321 3977 dleissel,
339 3900 582 3974 Swinlurtensis,
599 3898 704 3959 eadem
723 3914 783 3975 qua
838 3900 936 3957 monio
953 3914 1102 3976 opponere
1119 3899 1164 3957 las
1185 3900 1243 3969 sit,
1262 3916 1338 3976 quae
1360 3900 1397 3958 ab
1414 3901 1480 3960 aliis
1500 3916 1553 3979 pro

58 3999 228 4075 Imperator
242 3994 461 4056 Maximilianus
478 3991 525 4052 die
542 3993 590 4055 24.
608 3993 704 4053 Martii
721 3990 783 4051 bn·
835 3984 922 4052 hono
940 3993 951 4051 l
961 3992 1027 4052 494.
1046 3991 1252 4068 disputantur,
1271 3999 1339 4051 444
1357 3994 1404 4051 W.
1423 3995 1456 4052 E.
1476 3994 1554 4052 Ten-

60 4107 101 4149 no
121 4089 209 4150 4459.
226 4095 336 4159 uatus,
353 4103 444 4164 quem
461 4084 642 4163 discipulum
659 4086 783 4145 loannis
836 4087 923 4146 tzelio
940 4087 970 4143 in
991 4083 1114 4162 dialogis
1132 4083 1285 4143 litterariis
1302 4085 1357 4144 An.
1376 4085 1464 4147 4693.
1486 4102 1552 4164 pag.

61 4181 227 4259 Dalhurgi,
248 4181 386 4258 Episcopi
405 4177 653 4254 Wormatiensis,
675 4176 784 4238 liudol-
838 4179 905 4239 963.
927 4195 993 4255 sqq.
1011 4178 1147 4256 Diploma
1167 4177 1378 4255 Maximiliani,
1399 4195 1459 4257 qua
1479 4178 1558 4240 Celti

61 4277 116 4356 phi
134 4274 299 4353 Agricolae,
315 4273 435 4333 lilarsilii
446 4273 550 4346 Ficini,
561 4271 706 4332 lobannis
717 4271 784 4332 Cal-

62 4370 185 4451 44444144444
202 4369 383 4441 Β4444θ445434
399 4366 541 4442 Gummi
559 4363 691 4425 Befflflldl
706 4408 713 4438 4
731 4364 785 4423 53·
833 4392 906 4455 burgi
923 4390 992 4441 lolii.
1008 4391 1033 4441 8.
1047 4394 1102 4454 lpse
1113 4397 1199 4441 tamen
1213 4391 1243 4441 de
1255 4391 1340 4442 laurea
1351 4392 1393 4442 illa
1405 4405 1450 4442 sua
1460 4390 1550 4442 celtes.

60 4463 163 4525 44944404
179 4467 210 4521 et
226 4461 377 4539 p0mp0nii
389 4460 485 4531 Laeti,
500 4459 618 4535 4448θῦ40
632 4463 664 4517 et
677 4456 786 4517 dmm·
856 4485 880 4532 sl
898 4494 938 4531 me
957 4494 1007 4531 non
1025 4484 1124 4545 pietas,
1142 4483 1241 4539 virtus,
1256 4481 1375 4532 doctrina
1390 4488 1535 4539 coronant,

63 4575 104 4618 na
119 4556 262 4628 nobilem,
277 4553 444 4613 Fridericus
462 4553 511 4612 lll.
523 4552 688 4629 Imperator
704 4567 785 4610 com·
887 4558 984 4619 Ecquid
1000 4556 1114 4619 proderit
1133 4558 1196 4607 baec
1217 4568 1279 4606 nexa
1296 4568 1392 4607 corona
1408 4555 1492 4605 mibi?

63 4648 229 4711 mandante
240 4648 386 4707 Friderico
398 4648 552 4724 sapiente,
563 4645 700 4705 Electore
712 4645 783 4704 Sax.
878 4646 904 4705 4)
920 4645 1057 4704 aulicam,
1073 4647 1218 4705 coloniam,
1232 4645 1376 4704 uriuriuro,
1393 4646 1563 4708 4444444444,

63 4761 159 4805 manu
184 4758 239 4802 sua
255 4742 337 4802 lauro
354 4742 469 4819 popgpca
485 4742 510 4813 a)
529 4740 648 4800 ornavit
668 4738 785 4798 Norim-
835 4719 1077 4783 amphimalum,
1094 4719 1303 4781 Heidelbergam,
1329 4719 1503 4808 herbipolim,
1520 4722 1564 4770 ln-

835 4797 1000 4860 gotcelium,
1012 4797 1137 4856 tipsiam,
1154 4796 1303 4853 baceloum,
1318 4797 1489 4856 uagantium,
1501 4799 1565 4846 Pra-

837 4884 912 4935 garn,
928 4871 1108 4927 itostochium‚
1125 4871 1286 4931 reningam,
1304 4872 1437 4919 viennam.

108 4956 135 5018 a)
151 4954 242 5004 conici
262 4954 370 5004 conradi
390 4951 464 5000 Celtis
483 4949 605 5012 itapbnen
622 4949 791 5010 Apollinarem
886 4946 914 5006 b)
931 4951 964 4995 be
983 4946 1030 4996 hac
1045 4949 1166 4995 socictate
1179 4947 1213 4996 44.
1227 4946 1406 4996 E.Tentzelius
1417 4949 1443 4996 ln
1456 4944 1564 5009 dialogis

59 5029 187 5087 Gerbardi
203 5031 287 5084 baiori
307 5030 374 5082 notis
387 5027 539 5078 illustratam
557 5026 704 5088 editamque
721 5027 797 5076 iiam·
843 5022 974 5074 litterariis
989 5026 1017 5074 lt
1035 5019 1105 5071 loss.
1123 5035 1148 5091 p.
1164 5020 1206 5072 34.
