3458 5332
685 334 707 394 F
723 335 748 396 E
764 334 788 396 L
802 336 814 398 l
828 335 858 395 X
1492 384 1500 403 .

150 434 175 495 X
189 433 742 513 MALLEOLUStGermaniconomino
795 444 957 506 rattbnnm.
972 447 1016 506 Dc
1028 437 1204 505 credulitate
1213 445 1407 511 daemoniibns
1426 345 1513 510 abb?-

147 525 235 602 rlein)
251 529 349 590 Patria
360 532 531 609 Tigurinum
546 534 742 599 Decmtorum
799 535 915 613 banda,
932 544 1020 618 (quae
1038 542 1096 601 tria
1120 542 1233 600 inserta
1254 543 1345 601 etiam
1365 550 1447 604 tomo
1468 562 1515 606 se-
1620 542 1626 558 ⁰

161 624 381 698 Bononiensis,
405 627 597 704 Praepositae
619 629 744 691 Salodu-
797 632 896 693 cundo
913 635 1012 694 mallei
1031 634 1255 709 maleficarum.)
1267 635 1310 694 De
1326 633 1438 697 arbore
1455 644 1515 698 tor·
1551 632 1556 646 ⁴

154 723 186 777 ot
206 717 244 777 ab
264 715 323 778 Aa.
345 719 432 781 ttae.
450 721 562 782 Cantor
579 722 744 785 Thuricen·
797 723 899 785 cidari
912 725 1045 786 ducendo
1061 726 1093 786 in
1108 725 1155 786 die
1170 724 1254 806 festo.
1269 728 1312 787 lle
1325 729 1515 790 matrimonio

147 827 173 871 yc
194 812 354 888 Tigurinac
383 813 556 888 Ecclesiae,
582 817 655 877 obiit
684 818 742 878 Aa.
796 834 849 879 sen
864 817 1065 900 sponsalibus.
1082 817 1223 900 lle-farta
1251 818 1452 900 reliquiarum
1483 830 1514 884 et

147 903 208 983 {jus
232 904 407 966 Passionale
427 909 548 969 MStum
569 910 693 988 Tiguri,
710 920 742 973 et
796 910 866 973 olir's
880 911 976 974 rebins
989 931 1086 994 anper
1103 930 1133 973 m
1148 913 1330 974 monasterio
1359 915 1391 973 Β.
1418 916 1513 996 Virpi-

147 1015 157 1057 ›
181 1000 351 1076 inspectum
368 1006 417 1060 est
438 1000 583 1081 Diblapos
608 1006 743 1067 enebris
796 1006 845 1066 nis
874 1004 932 1067 loci
961 1005 1169 1066 Eremitnrnm
1192 1023 1252 1086 per
1283 1012 1345 1068 tres
1369 1024 1518 1086 peremtas
1554 1034 1558 1041 ·

147 1089 234 1151 ntiae
256 1093 444 1154 consolantis
462 1096 582 1173 ipsum,
603 1115 663 1174 quo
680 1105 743 1160 toto
795 1097 976 1161 miraculose
991 1099 1147 1160 commisso
1166 1105 1196 1160 et
1210 1098 1335 1160 deducto
1346 1105 1374 1160 et
1385 1101 1519 1180 filialiter
1557 1152 1561 1157 .

147 1202 172 1245 >c
195 1187 267 1264 agit.
285 1193 364 1246 teste
394 1189 568 1267 Hottingero
596 1208 663 1271 pag.
693 1195 741 1255 Ἠ.
796 1200 916 1272 reperto
951 1199 982 1255 et
1015 1199 1205 1272 recuperato.
1246 1191 1382 1271 Epistola
1410 1200 1516 1256 eontra

147 1304 149 1328 ν
180 1280 364 1357 Tigurinae,
395 1288 431 1342 ut
451 1282 557 1344 doceat
578 1284 743 1349 Ganonicos
795 1286 944 1366 wenilone
964 1284 1131 1365 superbam
1152 1285 1314 1348 clericam.
1335 1286 1447 1347 Forma
1461 1305 1516 1369 ap·

147 1369 238 1451 aperis
265 1372 378 1453 inceptos
401 1373 561 1456 plerosque
588 1376 685 1458 fnisse
714 1386 745 1441 et
791 1377 961 1460 pollutionis
987 1385 1094 1439 contra
1124 1377 1272 1459 queamm
1301 1378 1514 1455 coercentem,

147 1482 335 1541 mmemores,
358 1465 489 1545 inplorio
508 1474 625 1533 venno
658 1491 743 1535 marr·
795 1473 851 1552 qui
869 1474 900 1532 in
921 1473 1087 1534 Germania
1107 1471 1198 1532 uellet
1210 1473 1329 1533 intrare
1348 1472 1516 1538 Ecclesiam
1577 1514 1585 1541 i

147 1559 269 1620 tlterum
296 1561 471 1622 Passionale
486 1563 639 1643 vispinum
655 1565 741 1628 nabi·
797 1564 1018 1629 Catbedralern.
1050 1567 1094 1627 lle
1122 1563 1259 1627 libertate
1294 1564 1514 1629 Ecclesiastico

147 1651 245 1712 ndum
260 1659 448 1734 naptarum,
466 1673 534 1718 cam
556 1657 666 1721 Mando
692 1660 741 1720 de·
794 1657 838 1717 lle
858 1656 929 1719 bani
946 1664 977 1718 et
991 1657 1069 1719 moli
1087 1658 1251 1720 occasione.
1274 1661 1317 1719 De
1343 1660 1467 1721 emtione
1487 1667 1518 1721 et

146 1763 163 1806 ι.
182 1746 326 1824 Ejusdem
354 1751 564 1829 Repcrtorinm
590 1753 741 1833 copiosam
794 1751 961 1812 caninam
979 1752 1071 1812 anites
1088 1769 1146 1832 pro
1160 1752 1275 1831 omini.
1291 1752 1334 1813 De
1355 1754 1515 1814 contracti·

146 1858 182 1901 ae
202 1840 297 1901 laris.
329 1843 373 1902 De
399 1841 552 1904 nobilitate
572 1851 603 1906 et
619 1846 741 1908 rnen'ei-
795 1843 860 1920 bns,
882 1845 940 1926 qai
957 1843 1097 1924 abstapia
1117 1844 1275 1921 damur,
1297 1853 1327 1907 et
1344 1845 1515 1924 vulpariter

146 1932 267 2013 abeas,
289 1935 325 1996 ad
346 1938 462 1998 Ducem
484 1939 612 2000 atricae.
629 1941 672 2001 De
691 1957 740 2003 as-
795 1939 876 2001 Gssel
895 1943 920 2017 a)
942 1941 1121 1999 Doctoratas
1142 1938 1173 1998 in
1191 1938 1330 2000 stultitia.
1354 1940 1448 1999 Tener
1468 1938 1516 2002 lit·

149 2026 182 2086 in
202 2033 312 2089 mortes
341 2030 518 2108 Prirtcrpam
545 2032 740 2097 tendentibus.
794 2039 931 2095 terarum
962 2035 1143 2093 Declaratas
1177 2031 1208 2092 in
1228 2030 1376 2092 stultitia..
1399 2033 1514 2094 Canaba

146 2120 298 2183 ericordia
320 2123 448 2202 captivis
467 2130 497 2185 et
514 2125 663 2207 &functis
685 2128 740 2190 im-
794 2127 911 2207 micam
930 2126 1063 2186 ludices.
1090 2123 1236 2203 Diolopns
1259 2124 1296 2185 de
1316 2123 1514 2186 consolatione

146 2215 185 2277 la.
201 2215 337 2278 Denaris
348 2215 741 2301 distemperationeprapter
794 2221 894 2301 iniqne
914 2235 1157 2300 suppresseram.
1185 2220 1285 2280 Vitam
1317 2219 1411 2297 hujus
1442 2221 1515 2280 Mal·

146 2309 211 2371 mm
239 2309 391 2371 bominum
423 2311 578 2374 cadavera
604 2333 663 2374 nan
682 2315 741 2376 rite
795 2316 861 2376 leoli
882 2316 1061 2376 Germanice
1084 2330 1142 2373 non
1161 2314 1248 2392 longe
1265 2319 1338 2390 post.
1350 2329 1512 2375 excessum

167 2404 210 2464 De
227 2401 342 2465 balneis
363 2405 559 2468 naturalibos
577 2410 605 2467 in
625 2410 740 2487 sylloge
794 2412 861 2485 ejus
882 2409 1026 2486 scriptam
1047 2413 1195 2467 memorat
1216 2407 1411 2485 liottingerus
1428 2406 1516 2467 scho-

148 2497 186 2558 de
203 2499 319 2559 balneis
338 2517 404 2576 pag.
423 2501 492 2561 290.
512 2504 675 2563 Processas
686 2503 740 2582 jae·
795 2501 841 2561 lae
859 2502 1019 2578 Tigurinae
1041 2517 1068 2577 p.
1091 2500 1142 2561 at.
1164 2500 1193 2558 in
1225 2516 1286 2578 qua
1317 2516 1376 2559 non
1412 2498 1513 2561 studia

146 2608 284 2653 iscoram
299 2591 493 2672 omnipotente
504 2596 586 2656 DEO
596 2596 674 2656 inter
688 2613 740 2656 aa·
795 2595 897 2655 minus
932 2595 1027 2672 ipsius
1057 2609 1149 2670 quam
1185 2608 1313 2661 mores,
1348 2591 1512 2654 liberalitas

153 2685 234 2748 cibes
254 2685 450 2750 Tiarieenses
465 2706 509 2760 ear
529 2708 600 2763 ana,
623 2695 653 2750 et
671 2690 740 2753 Sci·
794 2689 973 2766 praesertim
1003 2689 1034 2746 in
1072 2701 1220 2764 pauperes
1251 2685 1513 2746 commendantur.

146 2796 206 2840 mm
226 2779 419 2861 complicibus
440 2799 483 2845 ex
510 2782 609 2844 altera
636 2789 736 2863 parte.
796 2779 987 2859 lineolapica,
1009 2777 1166 2852 doninica,
1190 2776 1363 2855 Historiae,
1384 2779 1514 2859 Pbpsico

146 2890 166 2933 n
189 2874 671 2955 variaedelectationisOpuscula
684 2895 737 2938 ex·
775 2874 835 2935 ila
856 2876 938 2935 Felix
960 2873 1121 2948 tractavit,
1144 2877 1179 2932 at
1198 2873 1339 2952 quamvis
1361 2873 1460 2935 malta
1484 2880 1514 2934 el

146 2967 252 3025 asileae
278 2968 376 3043 etat,
410 2970 460 3030 tol.
487 2978 519 3030 et
548 2969 738 3050 argentorati
791 2965 1132 3027 accarotries'etmelins
1147 2964 1410 3044 dicerepotnisset,
1423 2984 1499 3045 pros

146 3103 152 3116 .
171 3060 281 3135 quibus
292 3060 407 3122 abusus
424 3079 550 3125 auorum
563 3069 734 3141 temporum
788 3058 884 3119 santi's
905 3065 1004 3118 tamen
1023 3055 1181 3118 barbariei
1203 3057 1355 3136 (lupellum
1368 3059 1473 3138 suerit.

152 3157 184 3210 et
196 3150 320 3211 cordata
328 3153 538 3231 reprehendit:
555 3154 670 3217 Contra
680 3172 735 3215 ca-
829 3152 846 3187 ⁴*
858 3154 891 3212 lo
904 3150 1101 3211 recensendis
1118 3151 1174 3210 viri
1187 3150 1279 3211 buius
1290 3149 1370 3210 docti
1381 3168 1514 3229 opuscu-

146 3243 308 3305 cndicantes
334 3250 361 3320 a)
385 3247 500 3308 Contra
520 3247 736 3324 dnacboretas,
788 3243 827 3304 lis
843 3245 935 3305 Paulo
953 3246 1099 3304 maiorem
1121 3240 1307 3320 diligentiam
1331 3244 1362 3303 in
1381 3244 1513 3306 Fabricio

146 3338 193 3400 las
203 3337 410 3421 Bepliinasqne
419 3339 591 3420 sylvestres.
603 3338 738 3401 Lallbar-
789 3337 944 3398 desideres
956 3381 963 3412 ‚
974 3338 1065 3399 cuius
1083 3335 1208 3415 proinde
1225 3335 1363 3397 deiectus
1377 3336 1425 3397 bic
1441 3354 1515 3416 sup-

155 3430 325 3511 descriptia.
361 3431 467 3494 Glossa
495 3432 649 3496 bullarum
678 3451 737 3515 per
790 3431 919 3510 plendus
937 3438 996 3493 est.

145 3525 188 3588 los
204 3526 446 3605 impetratorem.
465 3529 508 3589 De
535 3529 653 3607 nepocio
675 3531 737 3592 lla-
832 3526 928 3605 Igitur
944 3542 1040 3587 unum
1053 3527 1120 3586 eius
1137 3526 1166 3584 in
1184 3523 1251 3584 tolio
1267 3524 1410 3584 volumen
1425 3534 1514 3588 vetu-

145 3638 193 3682 nn.
211 3622 254 3682 De
267 3621 405 3703 plebanis
422 3628 453 3683 et
465 3622 614 3704 reliqioses
624 3623 737 3685 mendi-
790 3622 847 3680 stis
863 3622 946 3699 typis
962 3619 1016 3680 sed
1033 3619 1149 3697 absque
1166 3618 1366 3695 adscriptione
1388 3618 1464 3694 loci,
1481 3627 1513 3680 et

145 3729 167 3774 t.
182 3715 225 3774 De
241 3714 391 3793 relipiosis
410 3716 625 3797 proprietariis
644 3735 738 3796 prae·
790 3717 862 3775 anni
894 3715 1081 3791 impressum
1118 3714 1218 3772 omnia
1245 3711 1321 3771 haec
1348 3713 1512 3775 viridanti

145 3806 237 3869 omini
244 3807 503 3886 praedicantibus.
517 3810 611 3870 Tener
620 3809 737 3888 Episto-
766 3810 769 3816 ’
790 3808 934 3887 opuscula
951 3808 1095 3868 continet
1111 3806 1156 3865 lle
1177 3803 1331 3865 nobilitate
1348 3811 1377 3866 et
1390 3807 1512 3869 metebi-

147 3900 221 3961 celis
231 3901 343 3962 missae
354 3919 413 3981 per
425 3903 572 3965 Patronos
583 3903 737 3965 Ecclesiae
791 3904 851 3961 tate
876 3896 1036 3979 diblapeau
1056 3898 1126 3957 item
1157 3895 1193 3957 de
1224 3898 1411 3959 Soiteasiam
1441 3906 1512 3961 arla

148 3993 234 4071 nsis,
261 3999 367 4054 canna
390 3995 567 4076 nepiipentes
595 3997 737 4058 Divinam
790 3993 926 4070 tramine,
947 3990 1204 4074 confoederatione
1218 3989 1376 4066 moribus,
1393 3999 1423 4053 et
1443 3994 1510 4074 pni-

156 4089 199 4149 De
216 4105 363 4148 novorum
373 4088 540 4171 officioram
557 4090 737 4153 Dibiaoram
791 4087 919 4149 becedam
929 4084 999 4148 alita
1010 4085 1138 4163 (utinam
1152 4083 1340 4162 bereelpestis.
1352 4087 1426 4146 Item
1436 4105 1510 4165 pro·

145 4181 208 4241 brie.
226 4182 269 4241 De
285 4179 394 4244 oblatis
417 4188 446 4243 et
470 4183 575 4244 solatis
598 4185 736 4262 pecuniis
791 4179 1089 4260 cessasjndiciarias
1105 4195 1208 4238 coram
1219 4179 1279 4238 Deo
1297 4177 1417 4240 babilas
1431 4181 1510 4241 inter

145 4272 282 4346 menda,
301 4291 356 4335 sea
386 4273 523 4355 beneficio
538 4295 568 4335 m
592 4276 736 4338 Ecclesiis
790 4274 902 4336 nobiles
912 4273 1085 4335 lerinenses
1096 4290 1139 4332 esc
1147 4290 1219 4347 nno,
1234 4277 1263 4332 et
1273 4273 1427 4335 Scitenses
1435 4292 1510 4353 par-

145 4367 280 4429 meteriis
303 4368 513 4448 percipienda·
537 4368 684 4450 Dialopas
700 4371 736 4432 de
791 4368 870 4431 tibns
887 4388 929 4430 em
944 4367 1061 4440 altero;
1072 4384 1140 4426 cnm
1157 4366 1302 4428 senentio
1316 4365 1467 4447 elefiaiioa
1483 4374 1512 4429 et

145 4458 240 4522 nbilei.
280 4462 323 4522 De
352 4460 601 4525 benedictionibus
637 4475 735 4526 aurae
790 4465 855 4526 eins
868 4461 1055 4524 eneconem.
1069 4461 1144 4520 ltern
1155 4459 1280 4539 epistola
1295 4460 1401 4522 Caroli
1408 4461 1512 4538 blapni

145 4558 303 4616 manento
323 4552 483 4636 faciendis.
510 4557 669 4618 Tractalns
698 4556 735 4618 de
789 4559 830 4619 ad
847 4557 1035 4619 b'ridcre'cam
1055 4548 1105 4614 lll
1122 4557 1197 4632 imp.
1213 4573 1276 4634 qao
1289 4554 1325 4615 de
1340 4553 1425 4635 Coelo
1440 4572 1508 4615 eam

145 4648 203 4708 ais.
225 4648 310 4711 Alius
331 4649 575 4710 exorcismomm
597 4655 627 4710 et
646 4649 734 4730 adjo—
789 4652 928 4713 bortatur
943 4655 979 4710 nt
1003 4649 1039 4708 de
1064 4645 1255 4710 Scitensibas
1275 4647 1437 4709 vindictam
1456 4664 1507 4709 su-

789 4751 860 4806 mat.
880 4748 960 4807 llaec
979 4747 1009 4802 in
1031 4761 1091 4804 uno
1110 4741 1275 4802 volumine.

144 4829 276 4882 :uiuenti
307 4837 431 4897 seriptum
461 4835 609 4885 Germanice
636 4845 736 4883 remum

144 4905 236 4956 tdnstus
252 4908 279 4955 tn
297 4910 388 4958 Reicbs
405 4907 517 4958 neubela
533 4912 607 4958 Parte
623 4910 684 4961 xix.
705 4922 732 4971 p.

144 4980 234 5029 Rechts
260 4982 423 5045 gegrtndeter
446 4978 566 5046 ntaiogus
583 4982 668 5034 mnes
693 4985 735 5036 die
828 4981 853 5041 a)
868 4977 1102 5041 caesenatenses,
1119 4976 1176 5028 ride
1193 4978 1320 5040 cangium
1337 4979 1364 5027 ln
1382 4989 1444 5029 roco
1461 4976 1512 5029 at·
1616 5049 1618 5054 .

144 5055 209 5105 nobe
227 5056 262 5104 tm
281 5056 354 5106 uelli.
370 5057 520 5108 nomineben
537 5057 638 5108 setene.
779 5056 856 5131 ellat.
