3458 5332
116 341 181 387 ΧΧΙΙ

788 317 906 377 vita

112 431 164 487 itta
185 429 340 484 literarum
366 422 464 480 studio
495 420 711 494 impedimenta
739 418 797 477 sibi
871 437 940 479 raam
960 418 1105 489 reddidit,
1124 419 1180 476 uisi
1195 423 1370 482 mortemar,
1386 427 1454 472 eam
1469 411 1561 485 paulo

875 526 945 577 autc
977 518 1049 593 (scil
1069 519 1099 577 d.
1119 519 1163 578 tu.
1181 515 1330 588 ianuarii)
1349 513 1395 571 iili
1417 511 1564 570 amanlis·
1605 497 1609 504 ’

877 618 953 674 simo
974 622 1076 688 erepta
1097 615 1220 684 luisset3
1239 628 1275 672 ex
1290 630 1324 674 ea
1340 612 1415 670 duas
1430 608 1560 667 mumulo

876 718 995 786 amima,
1007 714 1137 788 suscepit
1150 713 1236 772 illias.
1252 715 1381 772 Domum
1395 713 1498 767 auctus
1510 706 1562 765 ris

877 818 982 876 decem
1009 813 1141 889 passibus
1162 829 1179 870 a
1197 811 1360 885 Gymnasio
1378 810 1558 874 'seiunctam

879 916 966 974 lacile
980 916 1017 973 ad
1033 912 1166 988 publicas
1179 894 1396 986 praelectiones
1414 904 1561 964 obeundas

880 1018 923 1074 ire
937 1022 967 1074 ot
982 1016 1083 1075 redire
1098 1021 1207 1089 posset,
1223 1018 1255 1070 et
1273 1012 1304 1068 iu
1320 1010 1376 1067 bac
1394 1007 1457 1080 ipsa
1474 1003 1558 1061 domo
1618 1042 1620 1075 ,

111 526 258 583 obiiciunt
280 521 456 598 gravissimu
476 525 506 577 ot
527 520 681 593 proposito
701 523 801 576 tamen

110 639 200 697 scopo
215 622 356 680 excidunt
366 640 373 689 ;
384 618 511 691 sicquos
520 617 657 685 ambitio,
670 615 804 673 acmula-

113 722 167 789 tio‚
180 719 291 777 invidia
304 725 407 785 vesal,
419 723 471 774 aut
480 716 532 790 qui
544 714 673 773 aliorum
690 713 801 770 lamam

111 834 182 891 prae
204 819 298 874 livore
320 817 474 883 lacerant,
494 818 547 870 aut
574 814 657 886 quasi
686 825 801 869 summa

111 915 212 972 cararia
233 915 390 988 promeriti
412 916 509 968 essent
527 925 578 967 sua
597 917 679 964 sorte
706 909 804 976 miuus

115 1013 250 1071 contenti
270 1012 387 1077 vivunt,
408 1017 460 1066 aut
489 1008 533 1064 ira
553 1007 682 1080 donique
708 1005 804 1063 aliave

114 1112 224 1169 mentis
249 1109 423 1168 vehementi
451 1106 655 1165 commotione
685 1109 806 1176 pertur-

114 1209 225 1263 bantur
245 1202 320 1277 prob
341 1208 468 1275 quantos
486 1201 543 1258 sibi
563 1198 708 1259 adbibent
736 1213 806 1256 cru·

113 1305 217 1372 clatus,
237 1301 346 1374 quibus
377 1300 494 1358 animus
512 1314 564 1356 sua
584 1296 804 1369 tranquillitate

117 1406 230 1468 nactus,
264 1415 280 1455 a
316 1398 434 1471 placido
468 1412 622 1454 musarum
658 1395 810 1452 consortio

117 1503 269 1565 avocatur,
291 1512 346 1552 uec
360 1495 501 1553 exsatiari
516 1499 618 1552 tamen
633 1493 810 1552 desideratis

119 1601 230 1668 potest.

152 1692 305 1753 Fabricius
323 1697 428 1748 contra
444 1691 562 1763 pietatis
577 1692 608 1747 in
626 1691 722 1748 Deum
739 1690 809 1745 vivo

119 1793 249 1850 illibatus
267 1807 372 1860 sensu,
394 1791 471 1847 bene
490 1806 602 1861 cupere
622 1789 764 1848 omuibus
783 1794 813 1844 et

117 1891 252 1964 siugulis,
265 1889 384 1962 publicu
397 1888 554 1945 commoda
569 1900 749 1960 promovero
765 1898 813 1940 se·

119 1987 203 2054 dulc,
224 1986 365 2060 privatim
392 1984 539 2042 inservire
564 1985 692 2057 cuique,
720 1981 810 2038 bene·

122 2087 208 2144 tactis
226 2087 355 2143 aliorum
377 2089 407 2138 et
425 2083 522 2153 gloria
542 2083 703 2154 impetrata
719 2081 813 2136 laeta·

120 2186 158 2255 ri,
177 2199 260 2242 suam
279 2189 394 2241 sortem
414 2198 482 2240 cum
513 2187 557 2237 tot
589 2180 811 2238 infelicioribus

118 2281 314 2351 contendere,
335 2281 453 2337 nultavm
472 2294 503 2333 so
523 2276 739 2335 beneficiorum
759 2278 809 2334 Di·

118 2379 260 2434 vinurnm
275 2376 476 2449 promeritum
488 2376 672 2443 existimare,
688 2374 726 2430 de
743 2390 813 2446 pro·

118 2476 252 2534 videntia
275 2474 385 2532 summi
416 2473 555 2532 Numinis
575 2474 690 2546 optima
717 2487 809 2544 quac·

119 2587 179 2646 que
190 2587 323 2646 sperare,
337 2571 439 2628 omnia
451 2569 609 2626 moderate
622 2568 714 2627 ierac.
729 2568 811 2626 Unde

120 2671 193 2745 quid
215 2671 325 2727 mirum
338 2676 393 2737 est,
408 2668 489 2740 qnod
509 2667 591 2724 uuita
611 2663 812 2723 sollicitudine

126 2769 300 2842 impeditus,
317 2767 415 2824 libera
438 2772 468 2822 ct
484 2764 575 2823 hilari
593 2771 694 2821 mente
708 2763 815 2820 sectari

121 2867 304 2924 suavitatem
314 2863 485 2921 studiorum
497 2862 632 2934 poluerit
643 2860 813 2917 contentius

121 2971 151 3021 et
170 2962 289 3020 laudem
308 2961 356 3018 vel
378 2976 438 3017 non
458 2959 625 3033 quaesitam
645 2957 734 3014 simul
768 2971 815 3013 as-

120 3066 239 3118 secutus
256 3060 296 3117 sit
313 3057 536 3116 abundantius?

157 3157 293 3217 Vicissim
325 3153 523 3230 praedicanda
553 3159 597 3210 cst
629 3164 810 3223 magnopere

122 3258 175 3316 Dei
195 3255 375 3329 benignitas,
396 3267 473 3324 quae
502 3250 588 3307 illum
610 3261 755 3321 prospero
785 3251 816 3302 et

125 3353 273 3428 aequabili
289 3354 371 3410 vitae
385 3364 474 3406 cursu
490 3347 573 3405 nullo
588 3346 729 3418 graviore
748 3358 817 3400 casu

81 3468 85 3473 ·
124 3452 261 3509 turbatae
291 3448 363 3505 sivit
391 3462 454 3504 csse
472 3460 567 3517 usque
600 3443 637 3500 ad
668 3448 817 3498 extrema.

123 3549 199 3605 Nam
232 3545 381 3620 gaudebat
418 3543 551 3616 primum
584 3554 640 3612 per
674 3543 813 3597 naturam

123 3644 295 3701 valetudine
314 3640 451 3713 corporis
470 3638 544 3695 adeo
566 3637 758 3702 iacoucussa;
783 3639 817 3689 ut

126 3757 220 3813 prope
246 3740 326 3796 intra
342 3737 466 3808 triginta
481 3735 561 3791 vitae
581 3737 747 3804 postremus
761 3745 816 3787 aa-

113 3853 180 3893 nos
200 3851 269 3894 eum
298 3841 466 3907 aegrotasse
497 3846 557 3887 nou
587 3826 706 3885 accidit.
734 3826 816 3896 Quae

127 3943 227 3993 tamen
242 3932 353 3990 sanitas
372 3935 488 4004 partem
503 3940 588 3983 suam
603 3924 696 3982 traxit
715 3940 730 3979 a
752 3922 817 3995 pla-

127 4032 192 4095 cida
228 4035 346 4098 mente,
373 4045 390 4084 a
416 4024 572 4082 moderata
602 4019 816 4078 exercitatione

128 4129 274 4202 corporis,
290 4125 448 4196 deniquae
464 4119 683 4192 temperatione
694 4114 751 4170 cibi
765 4128 820 4184 po-

128 4237 246 4299 tusque,
270 4225 349 4279 inter
368 4220 502 4278 remedia
523 4214 652 4273 tuendae
672 4209 820 4267 valetudi-

84 4353 89 4362 ·
130 4327 176 4383 uis
207 4334 382 4384 numerans,
405 4314 487 4388 quod
515 4330 531 4369 a
561 4309 708 4367 medisina
738 4305 820 4362 omni

131 4422 187 4480 nisi
218 4422 249 4476 in
279 4414 393 4473 morbis
412 4412 505 4468 acutis
525 4403 736 4464 abstinendum
764 4402 820 4458 sibi

131 4517 265 4577 duxerit.
287 4515 453 4582 Marparera
471 4510 514 4564 10.
535 4502 680 4564 Sebuttzit
696 4496 820 4557 Sabotam

132 4606 501 4674 Rectorisl.aunol'100
526 4601 557 4657 d.
587 4598 623 4653 22
653 4596 764 4668 Aprilis
792 4596 822 4652 in

133 4707 358 4770 Matrimonium
372 4703 471 4768 ducta,
488 4713 565 4771 quae
580 4694 739 4768 prudentia
756 4707 823 4748 mo·

134 4800 389 4877 ravanq.etegantia
403 4803 496 4855 tutam
508 4793 603 4851 vitam
615 4789 827 4847 Mariloamou·

879 1113 1096 1172 bibliothecam
1116 1126 1201 1170 suam
1221 1123 1342 1168 omnem
1358 1119 1414 1180 per
1436 1101 1561 1176 quinqttt
1618 1162 1620 1169 .

878 1212 1019 1270 coritiana
1040 1210 1193 1268 conclavia
1212 1208 1394 1282 explicatam
1408 1202 1445 1261 ad
1466 1212 1561 1258 manus
1618 1180 1620 1201 '

878 1309 1014 1368 habebat.
1034 1311 1256 1382 Disaiputorum
1272 1320 1367 1380 opere
1382 1305 1413 1362 in
1429 1297 1562 1360 litorariis

886 1405 1050 1478 laboribus,
1072 1405 1248 1480 praesertim
1264 1405 1294 1460 iu
1306 1399 1467 1460 'indicibus
1482 1397 1564 1454 libra

882 1520 949 1562 rum
960 1520 1084 1563 suorum
1096 1503 1243 1561 laciundis
1253 1500 1359 1560 scdulo
1370 1496 1563 1558 adiuvabatur

920 1606 1002 1662 Hane
1033 1601 1296 1663 tandemtandem
1317 1613 1408 1658 nemo
1437 1592 1565 1656 Fabricio

883 1710 987 1764 nostro
1018 1702 1162 1770 invideat,
1190 1714 1245 1756 uec
1263 1699 1288 1755 si
1317 1697 1436 1755 invidet
1455 1695 1565 1768 eripiat,

885 1801 966 1877 quod
982 1799 1142 1858 excellenti
1159 1796 1281 1869 ingenio
1297 1800 1327 1850 et
1343 1790 1516 1850 incredibili
1529 1788 1570 1848 di·

886 1899 1008 1974 ligantia
1036 1897 1195 1967 studioque
1220 1892 1278 1951 toti
1309 1892 1443 1949 bumano
1471 1886 1569 1962 generi

882 1996 947 2051 siae
973 1991 1147 2061 cuiusquam
1170 1987 1302 2044 laesione
1327 1983 1492 2058 profuerit,
1522 1995 1571 2054 pcr

883 2106 1005 2149 omnem
1022 2090 1117 2146 vitam
1134 2088 1168 2142 iis
1182 2084 1335 2151 subsidiis,
1348 2096 1428 2155 quae
1443 2080 1481 2138 ad
1496 2079 1573 2138 ulan·

883 2190 938 2246 dos
954 2186 1177 2261 pascendosque
1192 2181 1322 2250 animos,
1337 2181 1374 2237 ad
1391 2180 1517 2236 inventa
1531 2182 1574 2234 to-

884 2290 943 2345 tius
956 2286 1146 2360 antiquitatis
1162 2296 1230 2340 cum
1246 2279 1390 2337 omnibus
1404 2275 1576 2336 commuui-

885 2383 990 2452 canda‚
1025 2381 1062 2440 ad
1091 2382 1156 2439 veri
1185 2377 1323 2450 rectique
1351 2377 1513 2446 iudicium,
1542 2371 1576 2432 ad

882 2482 1092 2540 debellandam
1118 2478 1302 2543 barbariem,
1317 2476 1577 2549 superstitionem,

885 2581 1073 2645 atticismum,
1084 2577 1215 2648 donique
1229 2575 1371 2639 odarius,
1385 2571 1578 2647 sapientiam,

886 2677 1204 2747 virtutenr,pietatem‚
1211 2673 1393 2745 religionem
1408 2683 1581 2744 propagan-

888 2775 940 2830 das
959 2773 1126 2845 pertinent.

920 2871 1060 2927 sincerae
1091 2868 1208 2938 pietatis
1235 2868 1264 2923 in
1295 2867 1391 2925 Deum
1423 2870 1511 2923 tanta
1539 2863 1582 2922 iili

889 2967 939 3024 tux
959 2974 990 3023 et
1008 2967 1053 3021 vis
1083 2963 1238 3037 Evangelii
1265 2964 1376 3021 Christi
1407 2963 1585 3031 videbatur,

886 3069 918 3119 ut
938 3062 1064 3130 diceret,
1084 3062 1107 3117 si
1126 3062 1182 3117 sibi
1203 3061 1241 3117 ab
1260 3061 1410 3133 improbis
1423 3060 1587 3120 sententiis

884 3167 914 3216 ct
941 3158 1216 3216 concertationibus
1235 3166 1457 3230 tcuvpcrasseat
1482 3158 1588 3217 bomi-

889 3274 951 3326 ncs‚
971 3258 1056 3330 sique
1077 3256 1171 3328 magis
1190 3257 1239 3328 pic
1258 3262 1288 3312 et
1303 3262 1408 3314 sanetc
1423 3257 1587 3325 vixissent,

892 3353 1008 3410 nullum
1028 3369 1059 3410 se
1078 3353 1220 3410 dubitare
1236 3355 1308 3424 quin
1330 3359 1414 3411 totus
1429 3360 1590 3412 terrarum

889 3450 970 3508 orbis
989 3452 1082 3508 lactus
1096 3458 1171 3509 esset
1185 3451 1384 3508 Christianus.
1402 3440 1443 3508 tl?
1460 3451 1590 3509 Lutberi

887 3551 1036 3608 doctriuis
1057 3549 1199 3607 addictnn
1220 3549 1251 3605 iu
1272 3548 1457 3606 Bibliotheca
1474 3550 1593 3608 Aledius

886 3649 1059 3706 Latinitatis
1073 3648 1124 3703 vix
1136 3646 1269 3719 dignosci
1283 3645 1473 3716 Fabricium,
1490 3647 1593 3704 mutto

890 3746 984 3817 magis
1002 3741 1265 3816 Scbuctggeninm‚
1274 3741 1337 3812 jam
1358 3758 1376 3798 e
1400 3743 1520 3801 Alunsio
1538 3743 1594 3799 ob·

886 3847 1039 3897 servatum
1061 3846 1115 3896 est.

925 3939 962 3994 So
981 3938 1064 3993 omui
1085 3941 1241 3993 momento
1257 3951 1318 4008 quo
1341 3938 1405 3994 beo
1423 3937 1596 4011 placuisset

889 4033 1045 4090 lubentem
1074 4035 1215 4106 laetoque
1243 4042 1347 4090 antmo
1381 4051 1419 4092 ex
1449 4036 1511 4092 trac
1532 4035 1596 4092 vita

890 4146 1078 4190 excessurum
1099 4129 1198 4187 adiaue
1216 4145 1306 4187 sanus
1326 4130 1434 4188 dicero
1455 4133 1595 4189 solebat.

892 4234 988 4303 Atque
1009 4230 1048 4284 ita
1066 4229 1184 4299 integro
1199 4227 1235 4284 ud
1253 4231 1429 4284 extremum
1446 4240 1596 4285 sensuum

894 4325 1060 4382 strationis
1074 4339 1138 4390 usu,
1151 4322 1268 4394 placido
1284 4323 1479 4380 obdormivit
1490 4323 1545 4380 dic
1560 4322 1598 4379 30

893 4422 1002 4494 Aprilis
1017 4421 1052 4476 A.
1072 4419 1154 4478 1736.
1170 4425 1322 4476 assecutus
1342 4422 1494 4478 annoso?
1510 4434 1598 4475 mea-

892 4533 937 4573 ses
956 4517 988 4572 V.
1007 4517 1071 4573 dies
1092 4516 1126 4572 to
1142 4516 1249 4572 iuuere
1267 4515 1413 4586 pubblico
1429 4516 1462 4573 d.
1479 4518 1510 4573 7.
1527 4513 1598 4573 binii

896 4615 925 4670 in
942 4615 977 4670 D.
998 4613 1080 4668 Petri
1111 4617 1142 4668 ct
1162 4612 1243 4668 Pauli
1265 4613 1381 4670 Acdcm
1403 4614 1516 4682 elatus,
1539 4626 1599 4686 pu·

894 4710 1030 4780 biicequc
1048 4709 1193 4766 concione
1215 4708 1368 4767 laudatus.
