3464 5318
634 330 998 396 ooulotauus
1495 326 1555 399 395

55 442 207 502 cothus
232 440 435 513 Simesusius,
464 440 599 516 4444444,
627 441 717 500 Poeta
744 446 776 500 et
830 458 904 502 cusa
921 441 1029 502 deindo
1045 439 1183 500 Johanne
1200 440 1290 499 Maria
1307 441 1428 502 Bonello
1444 458 1554 504 ouran-

56 534 191 596 Medicus
204 534 370 605 excellens,
382 533 677 627 defunctusliremae
688 535 776 598 4526.
830 537 1011 596 4444444444
1028 536 1116 597 4554.
1135 540 1166 594 44
1187 535 1315 595 nimium
1331 535 1478 597 libertatis
1493 539 1549 598 sibi

54 632 124 691 Vita
146 630 213 706 ejus
239 632 277 690 ab
294 632 420 690 llenrico
438 628 593 689 Meibomio
611 631 776 707 praemissa
830 632 1022 709 permittente
1035 627 1236 689 inalterandis
1253 629 1487 708 truncandisque
1498 649 1551 692 va-

55 723 123 799 ejus
135 721 322 803 poematibus
338 722 426 782 editis
443 723 567 782 Helmst.
588 723 684 799 4644,
698 724 726 781 8.
746 723 775 780 44
831 724 883 783 riis
898 724 970 783 locis
987 722 1163 784 Porcacchio
1184 723 1270 783 4565.
1283 729 1375 800 atque
1389 723 1552 796 4444444444-

55 819 168 896 quibus
185 815 334 876 Nicandri
346 816 477 876 theriaca
495 815 778 894 et'alexipharmaoa
832 819 873 876 vii
889 815 977 878 4646.
992 815 1065 876 Vide
1087 817 1196 876 iterum
1210 817 1343 876 Diarium
1356 815 1550 884 Eruditorum

56 913 150 972 latino
166 910 282 971 reddita
309 912 450 969 carmine.
468 908 602 969 Videndi
620 912 711 969 etiam
739 909 776 969 de
833 912 934 971 ltaliae
951 917 1022 971 tom.
1040 910 1160 984 Xlllll,
1185 926 1252 987 pag.
1268 910 1345 984 385,
1371 927 1437 988 sqq.
1455 912 1555 971 Histo-

55 1005 163 1065 eodem
179 1004 319 1065 Melchior
332 1001 468 1063 Adamas
485 1004 514 1061 in
536 1001 716 1063 Medicorum
734 1004 779 1062 vi·
832 1006 894 1064 riae
909 1006 973 1064 sive
990 1003 1157 1064 Annalibus
1165 1002 1375 1085 Mediolanens.
1388 1002 1553 1081 subjiciun-

56 1102 117 1170 tis‚
132 1098 306 1159 Joachimus
322 1097 515 1156 Camerarius
536 1097 567 1154 in
585 1096 648 1155 vita
664 1095 777 1155 Eobani
834 1103 884 1158 tur
903 1097 983 1157 Vitae
1000 1096 1219 1174 Imperatorum
1242 1113 1259 1157 a
1275 1097 1353 1173 lulio
1371 1098 1498 1158 Caesare
1517 1117 1552 1159 u-

59 1195 148 1253 Hessi
162 1237 169 1266 ‚
184 1194 330 1252 Henrieus
346 1190 507 1251 Pantaleon
524 1194 595 1248 tom.
618 1190 662 1265 ll,
679 1204 781 1267 proso·
834 1209 910 1270 sque
936 1192 973 1252 ad
994 1190 1176 1252 Friderioum
1195 1180 1406 1251 barbarossam
1434 1192 1552 1251 Menrici

56 1286 236 1366 pagraphiae
253 1303 318 1364 pag.
333 1283 539 1346 4634464544
556 1281 689 1342 Gaddius
706 1288 777 1350 tom.
833 1286 881 1347 Vl.
900 1289 1065 1346 Parentem.
1084 1287 1167 1345 Vitas
1184 1291 1286 1345 autem
1303 1301 1381 1362 quas
1396 1285 1474 1345 idem
1495 1285 1552 1344 Go-

57 1382 68 1440 l
83 1424 90 1452 ,
108 1379 146 1438 de
174 1378 370 1457 scriptoribus
390 1394 448 1436 non
467 1377 707 1450 Ecclesiasticis,
724 1378 778 1435 Pe·
833 1383 896 1441 rius
911 1381 1047 1459 promisit
1063 1381 1242 1451 Poetarum,
1264 1378 1467 1438 foeminarum
1486 1379 1552 1440 illu-

55 1480 123 1533 trus
139 1471 289 1531 Lotiehius
316 1473 345 1529 in
364 1470 545 1531 Bibliotheca
561 1471 677 1548 poetica
693 1475 778 1547 parte
833 1477 960 1550 sirium,
985 1473 1294 1552 Philosophorumque
1311 1472 1493 1532 Graecorum
1521 1479 1553 1532 et

57 1568 97 1642 3,
116 1583 182 1645 pag.
202 1566 233 1626 44
267 1572 298 1626 44
315 1565 468 1643 Philippus
484 1564 582 1624 Julius
598 1563 779 1641 hehlmoyo‘·
833 1571 1007 1630 Latinorum
1024 1585 1181 1646 nunquam
1197 1568 1227 1624 in
1245 1567 1344 1627 lucem
1359 1565 1446 1626 datas
1459 1566 1497 1627 ab
1508 1579 1554 1638 ‚eo

56 1678 111 1722 rus
125 1661 196 1720 bist.
211 1660 385 1720 Ecclesiast·
403 1660 560 1719 Brunsvio.
580 1664 651 1717 lom·
670 1658 730 1730 lll,
748 1674 775 1735 p·
832 1665 1012 1741 accepimus.
1038 1662 1124 1721 Corio
1146 1660 1345 1721 Mediolanum
1368 1676 1427 1719 oon
1452 1662 1554 1720 minus

60 1754 120 1826 3b,
138 1771 201 1832 seq.
219 1755 269 1814 ubi
295 1756 385 1814 etiam
402 1751 440 1811 de
465 1750 531 1829 ejus
547 1750 619 1811 Anti
638 1748 779 1810 44444444-
833 1758 940 1818 actare
968 1772 1060 1833 quam
1090 1756 1172 1814 Livia
1198 1755 1347 1826 Romam,
1375 1755 1496 1832 scripsit
1523 1755 1553 1813 iri
1654 1755 1657 1761 '

57 1848 184 1925 mattiae
201 1854 232 1907 44
249 1846 440 1926 paraenetico
452 1862 508 1926 pro
524 1841 711 1925 oaoooooodo
728 1844 779 1903 Vo-
833 1852 918 1932 peplo
940 1850 1041 1910 ltaliae
1056 1848 1105 1908 lib.
1123 1851 1135 1909 4
1154 1892 1161 1922 ,
1176 1864 1239 1926 cap.
1259 1848 1305 1906 49.
1323 1849 1455 1929 loannes
1480 1849 1554 1908 Mat·

55 1959 96 2000 ro
113 1939 261 2018 holiqiooo
283 1941 319 1999 od
341 1941 483 2002 Corolum
501 1941 535 2000 V·
551 1941 777 2017 imperatorem·
833 1946 941 2006 thaeus
956 1945 1118 2004 Toscanus.
1130 1939 1232 2019 Atque
1245 1949 1278 2001 44
1296 1947 1378 2000 44644
1398 1942 1504 2001 lovius
1524 1943 1554 2000 in

56 2038 100 2096 De
116 2034 320 2112 Rolooolooioo
332 2032 411 2111 eius,
422 2032 541 2112 judicto
557 2031 592 2092 do
611 2028 726 2106 leobio,
744 2029 779 2090 do
834 2040 937 2117 elogiis
958 2038 1074 2098 monuit
1087 2080 1094 2111 ,
1105 2053 1163 2095 non
1177 2034 1267 2095 debet
1277 2034 1377 2111 stylus
1392 2034 1556 2112 impolitior

56 2127 168 2191 sudore
179 2126 318 2207 duplico,
333 2134 364 2187 et
380 2126 622 2188 conclusionibus
635 2121 780 2185 deamata
834 2133 1001 2194 auctoritati
1020 2131 1161 2190 historiae
1183 2128 1249 2207 ejus
1267 2127 1445 2203 detrahere,
1466 2144 1557 2204 quam

56 2222 234 2301 uroscopiae
261 2221 390 2282 adeundi
422 2221 620 2293 Bibliothecae
650 2219 779 2280 44444444
835 2228 910 2288 odas
926 2232 957 2285 et
973 2241 1074 2284 rerum
1091 2223 1160 2284 aliti
1177 2239 1237 2282 non
1253 2221 1410 2282 obviarem
1427 2221 1454 2296 a)
1471 2223 1556 2299 copia

56 2320 240 2395 scriptoreS,
266 2324 297 2375 44
313 2315 463 2393 losephus
479 2316 578 2375 Pitton
602 2313 780 2374 Touruelori
834 2317 1034 2382 commendat.
1046 2316 1246 2377 DeJohannis
1259 2315 1341 2375 Pauli
1358 2314 1554 2376 Mazzuohelli

51 2412 173 2488 isagoge
192 2414 222 2469 iu
234 2427 297 2470 rem
313 2409 500 2482 herbariam,
518 2399 683 2485 praemisso
695 2405 781 2464 iosli·
835 2415 1044 2475 dissertatione
1061 2412 1244 2490 apologetica
1271 2426 1324 2487 pro
1341 2407 1556 2470 Mediolanensi

55 2504 224 2564 talionibus
240 2505 282 2563 rei
301 2503 457 2562 herbariae
474 2501 616 2580 praeclari
631 2499 697 2578 ejus
712 2498 778 2557 viri.
835 2509 890 2568 000
907 2508 1052 2568 pistorica
1068 2511 1173 2566 cantra
1187 2506 1402 2580 Hieronymum
1429 2501 1556 2575 vidam,

57 2599 151 2658 Filius
176 2598 297 2673 EurV⁰ii
319 2593 455 2656 Valeriui
469 2594 616 2655 CORDUS
633 2593 781 2672 444399994-
834 2618 925 2680 quam
946 2601 1004 2660 sub
1021 2600 1141 2658 nomine
1158 2599 1235 2657 Justi
1253 2596 1444 2656 vicecomitis
1461 2593 1556 2654 edidit

54 2694 114 2753 buo
127 2689 374 2752 ooooiooioodos
389 2687 534 2761 eluditis,
549 2689 600 2765 qui
618 2687 778 2748 herbosum
834 2696 968 2773 Bergomi
984 2691 1076 2767 4443,
1086 2693 1114 2752 8.
1133 2690 1202 2751 vide
1215 2691 1348 2750 Diarium
1359 2688 1554 2751 Eruditorum

55 2788 140 2845 vires
157 2783 333 2845 adolescens
351 2782 474 2842 senibus
485 2780 781 2867 traditureuposuis·
834 2790 935 2849 itatiac
952 2793 1025 2847 tam.
1041 2788 1082 2846 lx
1096 2832 1104 2862 ‚
1120 2803 1186 2863 pag.
1204 2784 1263 2845 ael
1281 2789 1313 2844 44
1330 2784 1407 2844 Acta
1418 2783 1558 2844 Erudita

60 2896 113 2953 se,
132 2877 295 2938 defunctus
310 2878 421 2936 Romae
435 2875 491 2935 iln.
511 2875 588 2936 4544
606 2876 713 2935 aetatis
730 2874 778 2933 28.
834 2901 901 2944 000
919 2882 975 2942 Aa,
995 2880 1091 2954 4742,
1106 2897 1171 2958 pag.
1188 2879 1258 2938 502.

57 2972 135 3050 Ejus
160 2972 274 3048 effigies
291 2978 322 3030 et
338 2971 465 3046 elogium
486 2971 515 3027 in
540 2970 674 3029 iconibus
690 2971 779 3028 loan-
872 2975 1014 3054 *Optime
1027 2974 1099 3034 baec
1114 2973 1214 3032 omnia
1230 2972 1393 3042 Fabricius,
1404 2970 1457 3030 sed
1472 2977 1558 3031 extra

57 3069 107 3126 nis
124 3066 264 3126 Sambuoi
282 3080 364 3123 uuio·
392 3064 439 3122 54·
464 3064 531 3122 Viio
547 3062 625 3141 opud
643 3062 780 3123 Molchio·
833 3087 921 3131 suum
942 3069 1048 3128 locum.
1076 3069 1149 3127 Mam
1177 3065 1407 3125 Mediolanensis
1433 3064 1556 3124 historia

56 3177 124 3221 rem
140 3158 289 3218 Adumum
306 3159 335 3216 io
352 3155 472 3218 Medicis
489 3173 555 3234 pog·
572 3157 620 3216 lb.
637 3156 679 3215 De
700 3154 777 3214 ooli&
832 3162 1005 3224 Bernardiui
1023 3161 1101 3223 (lorii
1119 3160 1215 3218 Latini
1235 3157 1308 3216 nihil
1327 3157 1417 3217 habet
1438 3162 1557 3234 praeter

56 3252 127 3332 eliis
148 3251 180 3311 io
198 3249 419 3324 Di⁰⁸⁶0r²ii0mr
436 3248 678 3328 Diil'ffliai‘lrior
706 3250 778 3309 sori·
833 3258 961 3318 titulum.
974 3259 1018 3316 lta
1035 3256 1147 3333 pariter
1159 3255 1239 3311 vitae
1251 3252 1467 3329 imperatorum
1482 3266 1557 3309 non·

55 3349 179 3427 piisque
208 3347 291 3418 aliis,
317 3344 466 3405 videndus
493 3344 624 3404 loannes
649 3343 777 3402 looobos
833 3351 890 3410 nisi
915 3350 1016 3410 ltaliae
1042 3349 1169 3425 scriptae
1196 3350 1312 3405 sunta
1340 3345 1434 3404 Corio.
1458 3343 1556 3413 Quare

55 3443 217 3519 Mangetus
234 3441 263 3499 in
278 3438 460 3499 Bibliotheca
476 3436 588 3497 Modico
605 3442 677 3496 lom·
694 3437 726 3510 l,
748 3453 776 3513 ii·
833 3445 958 3522 scriptor
986 3443 1042 3502 isto
1068 3459 1086 3502 a
1113 3440 1227 3501 Latinis
1255 3436 1451 3517 scriptoribus
1467 3436 1555 3514 plane

57 3535 128 3597 446.
832 3539 961 3599 alienum
979 3543 1035 3596 est.
1500 3580 1508 3593 .

99 3624 279 3689 Ambrosios
304 3625 562 3696 CORIOLANUS.
583 3625 656 3687 Vide
687 3640 778 3704 sopio
872 3632 920 3708 483
937 3633 1019 3701 Move
1034 3630 1180 3692 Historiae
1193 3628 1282 3689 huius
1293 3627 1385 3687 editio
1397 3620 1483 3691 iuxta
1497 3627 1557 3704 pri·
1609 3696 1614 3706 Ι

57 3744 127 3807 pag.
153 3727 202 3784 89.
780 3775 787 3788 .
833 3742 913 3786 ruam
931 3726 964 3784 lit
979 3724 1134 3785 Mediolani
1152 3723 1209 3782 hoe
1227 3725 1290 3800 ipso
1307 3738 1386 3781 44444
1406 3718 1516 3793 4857.)

100 3815 340 3882 COMIOLANUS
357 3816 461 3896 Cepia,
478 3819 543 3877 sive
562 3814 719 3894 0444444444,
740 3814 778 3874 de
872 3817 1256 3879 AdamasdeCORLbllON
1268 3815 1441 3875 Canonieus
1453 3816 1484 3873 B.
1497 3815 1557 3872 Ma-

56 3930 121 3992 quo
136 3929 241 3991 supra,
253 3911 365 3972 CEPIO
376 3928 441 3990 pag.
454 3912 521 3971 344.
533 3908 606 3969 Vide
628 3911 670 3968 sis
687 3909 776 3968 eliam
832 3915 892 3974 riae
910 3912 1117 3973 laudunensis
1131 3916 1163 3969 et
1176 3912 1315 3970 44444444
1328 3909 1408 3966 44464
1422 3905 1457 3965 Α.
1476 3905 1552 3965 4396

56 4006 245 4070 llallervordi
271 4006 457 4085 spicilegium
472 4003 510 4064 de
526 3997 680 4065 historicis
700 4002 794 4062 Lati·
832 4009 952 4086 scripsit
967 4002 1164 4065 Ordinarium
1186 4000 1357 4073 Ecclesiae,
1377 4001 1442 4058 sive
1466 3996 1555 4057 Ordi—

56 4104 108 4162 nis
123 4118 188 4179 pag.
207 4102 274 4160 699.
830 4118 897 4162 rem
910 4099 1012 4161 44444444
1027 4096 1122 4180 Officii
1137 4096 1167 4155 in
1184 4092 1320 4154 Ecclesia
1337 4089 1549 4152 laudunensi:

100 4195 302 4269 coalPPUS,
321 4195 415 4270 inira,
433 4192 701 4256 GRESCENTIUS.
832 4193 947 4255 editum
960 4194 997 4253 ab
1013 4192 1142 4253 llutonio
1157 4189 1279 4264 Belloio,
1292 4186 1483 4247 laudunensi
1494 4186 1552 4243 De-

103 4292 213 4351 Petrus
229 4288 448 4364 coluSlNuS,
476 4288 571 4364 inira,
594 4286 632 4348 444
657 4287 780 4350 colist-
833 4305 907 4349 cano
923 4304 992 4347 eum
1010 4285 1108 4362 ampla
1125 4282 1311 4343 additionum
1330 4281 1475 4357 farragine
1503 4278 1556 4337 Pa·

58 4385 126 4452 NlS
835 4385 913 4442 risiis
937 4380 1031 4455 4663,
1054 4377 1101 4437 444.
1124 4378 1143 4437 b
1163 4375 1383 4435 Voluminibos
1406 4369 1553 4449 Ejusdem

102 4475 312 4537 Beroarde'aas
336 4478 473 4538 COlllUS
497 4477 586 4537 Marci
600 4476 709 4549 Filius,
725 4477 779 4535 Pa·
834 4474 1006 4539 Corladonis
1025 4468 1136 4532 variae
1159 4467 1364 4547 quaestionum
1383 4465 1414 4524 io
1430 4478 1553 4528 sacram
1680 4498 1681 4505 1

59 4574 168 4633 tricius
184 4570 429 4646 Mediolanensis,
448 4588 465 4630 a
481 4570 585 4630 Vossio
603 4570 715 4629 Latinis
731 4569 780 4627 Hi·
832 4569 1024 4648 Scriptorum
1040 4562 1199 4626 solotioaes
1217 4563 1314 4622 tribus
1332 4563 1361 4619 in
1379 4560 1446 4618 lolio
1463 4556 1553 4618 Volu-

59 4666 182 4727 storiois
209 4670 405 4734 accensetur,
434 4664 504 4723 44644
535 4667 661 4722 noverat
677 4660 780 4720 ltaliae

60 4762 100 4823 ab
121 4758 314 4835 adscriptam
334 4757 497 4817 Historiam
513 4752 777 4828 Mediolanensem,
875 4751 899 4808 4)
916 4752 1004 4800 lovios
1022 4761 1078 4811 pag.
1098 4747 1151 4795 445.
1167 4745 1230 4805 elog.
1247 4744 1277 4791 in
1294 4741 1454 4790 enarrandis
1465 4739 1555 4801 reboo,

61 4873 141 4935 <rue
205 4854 261 4914 4·
279 4853 355 4914 oe
384 4851 512 4923 444
541 4857 572 4911 e
589 4849 724 4910 444
742 4850 778 4909 o
828 4827 1008 4965 44444
1021 4818 1250 4961 tottam
1266 4817 1558 4954 4444444441

62 4955 185 5012 auem
203 4947 388 5027 propriisque
405 4944 555 5006 sumtibus
572 4944 650 5005 edita
661 4950 708 5004 est
722 4944 780 5004 Me·
830 4952 933 5026 4444444444
944 4983 969 5026 ct
981 4989 1015 5023 oa
1026 4973 1182 5022 secretioris
1195 4968 1298 5017 arcltt'ot'
1312 4968 1392 5029 copta
1405 4973 1559 5029 opportune

63 5042 174 5105 diolani
192 5040 249 5102 llo.
266 5039 343 5101 4563
358 5038 719 5119 quadragesimoaetatis:
735 5056 780 5100 re·
835 5051 1131 5113 animumanimum
1147 5058 1257 5097 arcana
1272 5042 1416 5106 4444444404.
