3464 5318
387 400 655 527 rotulis
698 397 998 522 lllllllllllll
1044 392 1273 519 illust!

784 580 877 642 vira

509 716 765 793 ANGuLvs
804 711 1115 788 FABRONIVS

296 865 506 935 PHILIPPO
544 864 715 934 SARDlO
757 861 1124 930 ARCHlEPlSCOPO
1163 853 1357 927 LVCENSI

772 999 797 1044 s.
818 997 847 1043 v.
867 998 895 1043 u.

122 1115 247 1236 Nemo
269 1178 313 1249 te,
335 1175 458 1237 Praesul
479 1172 681 1252 amplissime,
700 1171 809 1234 melius
865 1180 949 1248 tuas,
970 1174 1021 1252 qui
1044 1171 1233 1251 religionem,
1256 1168 1397 1248 patriam,
1429 1173 1460 1229 et
1489 1165 1590 1227 omnia

82 1271 181 1345 novit,
203 1275 317 1348 quanta
347 1271 395 1330 vis
427 1270 552 1348 ingenii,
582 1268 749 1340 doctrinae,
780 1273 811 1328 et
865 1267 992 1329 honesta
1014 1266 1141 1329 ludibrio
1163 1261 1300 1327 habent?
1334 1266 1363 1326 Si
1395 1279 1516 1342 pacem,
1545 1258 1590 1320 uti

80 1365 249 1444 elegantiae
270 1365 386 1424 insitio
402 1365 557 1424 llominico
580 1361 812 1435 vaccillum·
865 1379 1037 1442 speramuS,
1060 1361 1252 1438 babebimus,
1274 1368 1407 1422 rectores
1431 1359 1589 1419 civitatum

77 1460 130 1536 jus
148 1475 238 1537 opera
253 1460 296 1519 sic
314 1461 422 1533 uteris,
439 1464 471 1520 ut
486 1458 641 1519 Seminarii
658 1457 701 1517 tui
715 1455 811 1517 alum·
865 1476 966 1520 rerum
986 1460 1216 1536 praeteritarum
1238 1455 1464 1517 commonefacti
1490 1467 1593 1512 exem·

78 1556 110 1615 ui
132 1554 244 1614 divinis
265 1553 374 1614 litteris
396 1553 578 1615 imbuantur.
600 1554 664 1631 Ego
689 1567 809 1629 quoque
864 1555 922 1633 plis
949 1553 1130 1633 intelligent,
1163 1558 1309 1630 quantum
1341 1567 1411 1625 sua,
1442 1551 1591 1626 quantum

78 1664 133 1727 pro
152 1645 221 1724 jure
242 1649 390 1709 amicitiae
412 1650 532 1727 exigere
554 1666 602 1709 me
619 1648 720 1709 abillo
742 1661 810 1724 pos·
863 1648 1055 1728 Reipublicae
1084 1650 1216 1723 intersit,
1250 1647 1368 1707 munire
1399 1655 1591 1704 communem

78 1758 113 1803 se
135 1743 256 1820 putavi,
279 1744 373 1803 vitam
396 1748 430 1804 ut
452 1743 555 1804 Latine
575 1750 740 1822 exponeret
764 1742 810 1801 lo.
863 1761 962 1805 arcem
985 1743 1147 1816 bonorum,
1169 1748 1200 1802 et
1214 1741 1371 1802 abstruere
1386 1740 1520 1818 perlugia
1535 1737 1592 1796 im-

76 1837 225 1898 Dominrci
246 1837 451 1915 mausitqm
475 1840 563 1898 istam
585 1836 805 1915 Sedem,quam
863 1840 1041 1920 proborum,
1063 1838 1164 1916 etqui
1198 1837 1292 1897 sacris
1323 1841 1467 1915 praesunt
1498 1833 1592 1913 magis

78 1929 225 2010 singulari
246 1933 385 2010 opinione
407 1931 582 2012 prudentiae
608 1939 699 2012 atque
726 1934 811 1992 inno·
865 1937 1021 2013 magisque
1043 1931 1253 2003 elaborabunt,
1275 1936 1309 1992 ut
1331 1948 1389 1990 non
1412 1928 1460 1989 hic
1477 1935 1592 2004 noster,

78 2026 198 2084 centiae
231 2028 424 2086 meritissimo
455 2043 599 2106 occupas,
632 2045 685 2105 per
714 2041 810 2086 annos
865 2029 917 2090 sed
940 2032 1084 2106 antiquus
1107 2043 1172 2085 mos
1194 2028 1309 2104 vigeat,
1332 2033 1422 2103 atque
1444 2021 1593 2084 eastndia

79 2121 217 2197 quinque
249 2127 281 2180 et
308 2122 438 2199 amplius
466 2124 511 2181 sic
541 2124 652 2197 tenuit,
684 2128 719 2183 ut
749 2123 810 2181 vita
865 2123 1017 2195 colantur,
1039 2138 1117 2200 quae
1139 2119 1175 2180 ad
1204 2120 1280 2180 bene
1311 2120 1458 2195 beateque
1491 2118 1595 2176 viven-

77 2219 171 2291 atque
193 2216 315 2294 scriptis
348 2214 588 2294 praeclarissima
619 2218 749 2294 posteris
779 2232 811 2273 e·
865 2217 953 2291 dum,
975 2232 1149 2295 quanquam
1173 2215 1208 2273 iis
1231 2213 1316 2274 multi
1339 2228 1481 2290 perverse
1503 2216 1532 2269 et
1549 2211 1593 2269 in·

78 2308 202 2386 xempla
223 2308 260 2369 ad
284 2308 463 2369 imitandum
484 2310 649 2387 reliquerit.
664 2312 732 2371 Fuit
746 2311 812 2388 qui·
865 2319 949 2390 grate
965 2310 1142 2383 abutantur,
1159 2315 1231 2369 sunt
1247 2309 1394 2367 instituta.
1410 2301 1454 2365 nd
1472 2303 1498 2362 id
1518 2318 1594 2380 opus

79 2401 151 2462 dem
174 2419 296 2481 semper
317 2402 383 2463 laus
405 2404 523 2481 propria
547 2406 727 2466 Lunensium
751 2406 812 2464 An·
866 2409 923 2466 erit
946 2406 1112 2483 magistris,
1135 2419 1262 2482 quorum
1287 2408 1355 2460 nota
1378 2401 1418 2459 sit
1443 2396 1593 2471 doctrina,

81 2498 230 2573 tistitum,
253 2507 287 2558 ut
308 2496 402 2558 decus
429 2514 518 2558 omne
548 2500 711 2577 sapientiae
741 2515 811 2560 cum
868 2500 996 2560 facultas
1018 2501 1108 2559 etiam
1130 2506 1161 2556 et
1182 2496 1347 2557 dexteritas
1368 2495 1397 2552 in
1420 2508 1454 2551 ea
1485 2492 1595 2552 ceteris

80 2590 468 2670 religionie,sacrarumque
480 2595 735 2654 caeremoniarum
748 2602 812 2654 stu·
865 2593 1025 2668 tradenda,
1047 2599 1079 2652 et
1098 2591 1177 2670 quod
1199 2598 1290 2668 caput
1310 2594 1370 2659 est,
1389 2602 1506 2646 morum
1529 2600 1596 2663 pro·

79 2682 130 2743 dio
149 2691 344 2764 pungeretur,
368 2686 397 2744 in
420 2702 479 2763 quo
502 2702 559 2745 non
582 2685 669 2746 modo
691 2687 813 2765 populo·
865 2692 964 2765 bitas,·
987 2690 1058 2751 nihil
1081 2692 1160 2768 einim
1181 2687 1279 2748 dicere
1301 2693 1331 2747 et
1353 2685 1449 2745 iacere
1468 2680 1594 2752 debent,

80 2795 165 2853 rum,
193 2778 245 2840 sed
278 2786 309 2839 et
336 2779 525 2858 Reipublicae
556 2781 651 2857 ipsius
682 2780 810 2840 salutem
866 2785 944 2864 quud
969 2785 1083 2845 malurn
1106 2783 1194 2843 oleat.
1221 2784 1281 2844 Nec
1312 2780 1444 2859 probetis
1476 2783 1593 2837 tantum

81 2880 176 2951 atque
207 2874 380 2935 felicitatem
413 2875 502 2934 sitam
538 2890 607 2933 esse
643 2876 810 2935 rectissime
865 2887 955 2942 erunt
978 2879 1129 2943 moribus.
1150 2876 1202 2937 sed
1226 2877 1392 2956 prudentes
1413 2876 1596 2953 quoquo,et

77 2965 264 3047 judicarunt.
293 2967 359 3038 Quo
391 2968 471 3028 enim
506 2967 679 3029 referuntur
710 2971 809 3029 omnio
866 2976 1019 3053 ingenium
1036 2973 1188 3033 habebunt
1203 2970 1428 3032 accomodatum
1447 2971 1592 3045 ei,quam

81 3059 194 3122 Christi
218 3068 393 3139 praecepta,
414 3062 469 3120 nisi
493 3067 527 3122 ut
543 3060 656 3135 sobrie,
668 3060 764 3138 juste,
779 3069 811 3122 et
866 3071 1060 3148 profitentur,
1073 3070 1129 3127 arti
1147 3074 1238 3144 atque
1254 3068 1279 3126 ei
1298 3065 1398 3143 generi
1414 3061 1596 3132 auditorum,

82 3156 130 3234 pie.
153 3156 308 3231 vivamus,
333 3163 367 3217 ut
387 3157 540 3234 appetitus
559 3158 621 3215 sint
643 3158 811 3235 tranquilli,
867 3181 943 3242 quos
966 3165 993 3222 in
1016 3162 1204 3240 disciplinam
1228 3176 1382 3237 recepere,
1404 3173 1463 3234 quo
1487 3154 1595 3214 melius

80 3256 175 3328 atque
197 3251 278 3311 omni
301 3252 523 3328 perturbatione
554 3254 646 3313 animi
677 3261 811 3329 careant,
866 3264 897 3317 et
920 3259 936 3316 ii
959 3257 1094 3328 tradant,
1113 3263 1144 3316 et
1165 3256 1193 3314 hi
1217 3255 1391 3333 percipiant.
1414 3252 1477 3312 b'on
1501 3247 1596 3308 rabio-

80 3350 179 3422 utque
201 3346 348 3407 utilitates
370 3353 490 3407 nostras
512 3349 546 3407 iis
565 3349 593 3406 in
617 3346 707 3408 rebus
721 3364 813 3426 quae·
868 3368 922 3413 sus
943 3353 982 3411 sit
1004 3351 1236 3422 Grammaticus,
1256 3366 1314 3407 non
1334 3348 1523 3425 ineptiarum,
1538 3340 1592 3403 sed

81 3455 202 3513 ramus,
234 3456 251 3499 a
279 3439 389 3517 quibus
420 3441 506 3502 abest
538 3441 705 3520 turpitudo,
735 3459 811 3519 quae
867 3462 1027 3523 germanae
1045 3446 1233 3523 eloquentiae
1250 3442 1385 3502 laudator
1398 3439 1518 3506 libetur,
1536 3452 1596 3497 non

81 3535 107 3594 si
125 3535 155 3593 in
177 3533 368 3594 deformitate.
389 3538 520 3614 corporis
538 3536 627 3598 habet
642 3536 752 3616 aliquid
771 3537 814 3596 ol·
868 3542 1005 3619 pertinax
1028 3541 1141 3617 allique
1163 3544 1263 3598 sectae
1295 3536 1434 3598 addictus
1466 3533 1598 3594 Philoso-

81 3627 242 3699 fensionis‚
264 3634 375 3705 quanta
400 3629 448 3689 illa
472 3631 644 3709 depravatio
666 3639 697 3691 et
725 3632 815 3692 foedi·
869 3633 962 3713 phos,
987 3653 1044 3694 non
1068 3637 1188 3695 rixosus
1210 3632 1388 3709 Theologus,
1411 3645 1517 3690 omncs
1544 3626 1597 3688 de·

80 3727 128 3783 tas
150 3720 313 3801 turpificati
336 3725 426 3783 animi
455 3723 545 3785 debet
579 3723 700 3786 videri?
732 3727 815 3786 Esti-
870 3730 960 3806 nique
981 3737 1110 3789 caveant
1126 3726 1597 3807 intempestiva,odiosa,atquc

82 3818 175 3877 ierint
200 3817 269 3876 licet
291 3818 392 3893 multi,
413 3821 508 3896 quiin
533 3818 588 3879 bac
612 3818 814 3880 infelicissima
870 3821 1033 3881 inefficacia
1055 3822 1236 3898 praecipere.
1258 3818 1303 3879 Ad
1328 3818 1355 3879 id
1378 3819 1506 3879 filiorum
1534 3816 1598 3876 loco

80 3927 182 3973 rerum
207 3913 342 3972 omnium
361 3915 665 3990 conversionemque
682 3915 815 3973 eversio·
870 3913 999 3975 habeant
1021 3914 1200 3992 discipulos.
1225 3931 1279 3974 nec
1302 3914 1447 3991 pecuniae
1469 3912 1597 3971 nimium

81 4023 119 4066 ne
140 4004 302 4066 traducere
323 4008 421 4066 conati
444 4014 516 4066 sunt
537 4009 655 4067 animos
672 4024 688 4068 a
704 4007 815 4067 divinis
869 4011 929 4068 sint
951 4007 1049 4084 avidi;
1075 4025 1229 4086 nunquam
1253 4009 1332 4067 enim
1362 4006 1437 4066 bene
1469 4004 1599 4065 traditur

83 4100 346 4171 institutionibus,
366 4106 397 4159 et
418 4102 651 4160 asanctissimis
667 4101 814 4181 majorum
869 4101 1042 4180 disciplina,
1064 4120 1141 4180 quae.
1163 4100 1320 4171 venditur,
1338 4100 1416 4178 quod
1442 4100 1470 4158 in
1494 4098 1599 4177 primis

80 4194 232 4273 exemplis
253 4192 288 4253 ad
309 4194 673 4271 turbulentaconsilia,ii
693 4195 814 4274 quidem
869 4197 1014 4256 vitavisse
1036 4197 1189 4257 Socratem
1218 4203 1322 4256 auctor
1353 4202 1399 4254 est
1431 4189 1597 4271 Xenophon

82 4288 217 4366 eliugere
240 4289 490 4367 vituperationem
511 4292 815 4371 minimepotuerunt
871 4290 899 4348 in
922 4291 1163 4351 Commentariis.
1187 4288 1327 4350 Gratulor
1349 4289 1401 4350 tibi
1433 4286 1511 4368 quod
1544 4284 1600 4347 hu·

85 4381 135 4442 vel
157 4397 280 4451 eorum,
301 4398 378 4460 quos
399 4384 560 4462 sperabant
582 4386 642 4446 iore
660 4385 815 4446 libidinum
867 4381 999 4460 jusmodi
1022 4384 1123 4462 plures
1145 4383 1257 4445 babeas
1279 4381 1447 4462 adjutores,
1469 4383 1598 4461 quinon

85 4488 213 4535 suarum
237 4479 387 4551 patronos.
414 4476 531 4550 i'irtns,
563 4483 597 4538 ut
630 4478 815 4557 praeclarum
871 4478 1024 4554 patientur
1045 4476 1167 4556 quidem
1189 4480 1302 4556 optima
1324 4476 1599 4553 studiaaliansic,

80 4575 130 4628 est
147 4569 304 4630 Ciceronis
319 4567 450 4644 dictum,
469 4572 497 4630 in
517 4578 699 4651 tempestate
714 4576 815 4651 quieta
870 4576 902 4631 et
922 4588 938 4631 a
962 4578 991 4631 te
1014 4573 1144 4632 summis
1164 4574 1248 4634 curis
1270 4572 1351 4633 culta

82 4668 145 4739 esi,
167 4670 199 4723 ei
221 4662 303 4724 lucei
325 4666 353 4724 ln
386 4665 536 4743 lenebtiS‚
568 4673 601 4727 el
632 4667 718 4746 pulsa
751 4667 816 4728 loco
891 4675 993 4725 ...in
1012 4677 1087 4740 pejus
1105 4690 1201 4729 ruere.
1220 4681 1246 4725 et
1263 4683 1334 4725 reiro
1351 4677 1470 4739 sublapsa
1488 4675 1581 4728 referri

83 4765 189 4819 manet
204 4766 305 4820 tamen
321 4766 412 4839 atque
428 4760 531 4822 haeret
549 4763 577 4820 in
594 4763 701 4841 patria,
717 4762 818 4840 splen·
871 4773 902 4827 et
923 4767 1057 4830 subsidia
1080 4769 1246 4831 industriae
1275 4776 1366 4848 atque
1398 4771 1601 4835 instrumenta

82 4852 198 4932 detque
221 4872 274 4933 por
295 4871 328 4915 se
349 4873 382 4916 se
404 4875 540 4936 semper,
562 4874 617 4917 neo
640 4858 816 4919 alienisun·
872 4864 994 4924 virtutis
1021 4865 1050 4924 in
1083 4865 1204 4927 libidine
1236 4865 1421 4945 audaciaque
1451 4868 1599 4931 consumi.

82 4964 178 5026 quam
201 4948 341 5011 sordibus
361 4951 531 5013 obsolescit.
872 4955 955 5018 Vale.
1052 4974 1055 4979 ·

122 5046 216 5109 Porro
236 5046 309 5127 quid
330 5053 391 5128 est,
412 5046 491 5127 quod
514 5044 553 5109 ab
578 5046 637 5108 illis
662 5064 721 5109 non
754 5064 818 5110 me-
1012 5051 1181 5118 Florentiae
1200 5054 1276 5117 Non.
1297 5055 1366 5119 Oct.
1385 5055 1542 5123 MDCCGI.

1309 5176 1355 5219 u
