3464 5318
192 304 254 368 294
802 296 878 359 CAE
892 297 913 358 8
927 300 954 361 st
968 299 993 358 u
1008 298 1021 359 Ι
1038 298 1097 361 b's
1226 348 1234 365 ,

229 400 915 480 immmuuscfflstntbssnxiensuuetnn-
967 410 1061 465 ment
1077 404 1106 462 in
1120 401 1313 464 Aristotelem
1330 408 1358 463 04
1377 405 1442 483 ipse
1456 405 1569 485 pariter
1585 423 1696 491 00300

191 510 261 566 0400
277 502 335 564 An.
353 501 430 563 4442
442 499 572 576 scriptor
586 494 721 559 disertus
737 495 915 577 direptionis
968 515 1039 559 men
1055 497 1160 559 babuit
1175 496 1213 556 de
1229 496 1350 575 ciente,
1366 513 1426 576 quo
1442 497 1513 560 dein
1529 498 1696 580 cajetanus

194 597 283 660 Urbis
295 594 419 667 Brixiae,
437 591 532 652 400400
548 589 672 651 nGallis
686 588 744 652 40.
762 591 841 652 44448
852 590 916 653 lau·
965 590 1067 670 400404
1081 589 1153 652 044.
1173 591 1368 651 Teatinorum
1383 592 1501 670 primns
1520 593 1634 657 author
1650 596 1696 657 vir

193 692 343 766 datusque
349 685 455 747 vossio
465 684 503 745 40
514 684 670 745 4404044040
681 684 834 762 Latinisp.
845 684 879 745 84
885 684 916 745 6.
969 691 1095 748 sanctus
1108 683 1360 763 distinguebatur.
1375 684 1420 746 lta
1429 687 1513 747 enim
1522 704 1575 749 me
1585 688 1696 769 legisse

232 779 395 843 cessati
407 774 924 856 AbbatisPruusicuu'sglossarium·
968 780 1119 841 succurrit
1139 779 1168 837 in
1186 779 1283 838 veteri
1298 774 1364 838 cod.
1375 778 1434 839 448.
1445 778 1587 842 Eibliotb
1604 782 1695 845 itala-

190 878 300 937 citatur
315 890 333 934 a
350 874 508 948 browero,
525 887 544 934 0
562 869 675 950 (400340
696 870 726 931 40
747 866 918 950 40400444·
968 880 1117 935 4004044404
1143 872 1316 945 Caesenae,
1332 873 1362 931 in
1387 889 1448 952 quo
1474 873 1694 937 commentarii

190 974 239 1029 tus
255 973 314 1028 etc.
967 965 1104 1028 eiusdem
1114 964 1251 1043 cajetani
1263 964 1292 1023 in
1307 963 1358 1024 4444.
1374 964 1563 1027 Phisicorum
1576 964 1693 1029 Aristo-

227 1058 356 1123 44404044
369 1054 686 1121 GAESENASOrdinis
702 1057 917 1119 Franciscano-
967 1054 1434 1137 teliscontinenturEarpiiciuut
1441 1054 1595 1139 0000440444
1605 1058 1693 1123 usta

189 1170 256 1215 rum
267 1150 616 1215 AnnoiititGeneralis
629 1166 727 1227 usque
739 1149 778 1211 04
789 1148 912 1211 44444004
960 1171 1020 1234 per
1033 1170 1079 1215 4440
1104 1151 1284 1214 domenum
1298 1146 1456 1211 recollecta
1477 1166 1548 1211 044444
1565 1152 1625 1213 Dei
1636 1170 1691 1215 044-

190 1244 626 1325 4343.000100004444044444,0
638 1242 912 1304 Ludovicollavuru
964 1244 1127 1321 milio‚cui
1140 1245 1202 1307 sint
1215 1242 1336 1323 0404440
1355 1242 1509 1325 40404400,
1524 1244 1609 1307 sicut
1626 1245 1690 1309 04444

186 1346 324 1401 assertus
333 1345 437 1399 contra
447 1339 596 1398 ioannem
604 1336 692 1403 xxti
702 1335 767 1413 ipsc
779 1336 808 1395 in
819 1336 912 1395 variis
964 1338 1106 1403 celsitudo
1119 1343 1262 1400 meretur.
1278 1335 1444 1399 Gaietauus
1458 1334 1494 1399 de
1511 1337 1631 1419 Tyersr‘s.

186 1434 306 1512 scriptis
317 1431 516 1510 reprehensor
525 1432 621 1509 Papae
631 1435 663 1489 et
674 1428 927 1490 mendicantium·
1006 1431 1152 1496 Eiusdem
1173 1432 1307 1493 Caietani
1335 1427 1373 1491 40
1395 1430 1511 1509 Tyenis
1541 1437 1593 1493 est
1617 1431 1689 1495 liber

186 1522 613 1605 propugnatorlionncbnrnm.
627 1519 908 1600 VideWaddingum
963 1526 1186 1608 000044404004
1210 1522 1388 1604 repulerunt
1412 1528 1449 1585 et·
1469 1522 1688 1605 sopbr'smulunr

186 1628 268 1679 tomo
283 1619 373 1680 tertio
388 1616 551 1680 Annalium
578 1614 616 1679 ad
631 1614 755 1679 dunum
779 1614 856 1677 4347
875 1621 909 1677 04
961 1617 1150 1694 macutes,
1170 1621 1257 1680 cuius
1284 1619 1364 1697 prior
1383 1623 1419 1681 ut
1441 1617 1573 1678 arbitror
1597 1616 1686 1681 editio

186 1714 266 1774 taes
282 1711 333 1772 nbi
351 1710 501 1790 quaedam
522 1708 615 1787 hujus
641 1709 816 1773 Caesenatis
835 1707 909 1789 Epi-
960 1714 1039 1775 40040
1048 1719 1097 1774 004
1106 1713 1240 1775 venetiis
1253 1728 1302 1772 an.
1316 1711 1393 1771 4483
1407 1709 1457 1771 rot
1472 1712 1685 1792 004440404ίο3.

182 1802 276 1865 stolus
308 1808 338 1864 et
368 1800 601 1864 Protestctioues
632 1807 738 1863 000440
757 1801 904 1863 loannem
959 1808 1116 1875 Francisco
1129 1804 1315 1887 4030440004
1328 1802 1506 1889 Medicinam
1520 1800 1689 1868 theoricam.

183 1899 269 1959 44444
286 1914 325 1958 ox
341 1896 471 1958 editione
481 1896 578 1957 veteri
588 1894 683 1975 Lugd.
702 1894 781 1956 4494
791 1899 823 1954 04
836 1894 906 1955 Gol-
957 1900 1086 1979 40304440.

182 1990 304 2054 dastum
318 1997 340 2051 t.
359 1991 385 2050 44
402 1990 440 2051 40
455 1989 627 2052 Menarchus
644 1988 764 2068 imperii
781 2005 811 2066 p·
826 1988 905 2049 42344
999 1991 1213 2056 commentarii
1228 1990 1363 2051 Caietani
1380 1988 1411 2049 in
1436 1988 1531 2077 libros
1551 1990 1681 2053 Phisico·

181 2085 313 2146 eundem
331 2083 534 2163 Waddingum
550 2099 620 2163 003.
634 2083 694 2145 234
704 2080 906 2143 Bibliothecae
959 2104 1027 2149 rum
1045 2083 1228 2166 prodierunt.
1245 2082 1381 2145 Venetiis
1396 2098 1445 2143 an.
1464 2083 1544 2145 4496
1563 2084 1595 2144 in
1613 2084 1659 2145 iol.

181 2178 303 2239 Ordinis
318 2178 480 2251 liinorum,
508 2176 560 2237 nbi
576 2174 644 2254 ejus
669 2172 905 2237 Commentorios
997 2179 1116 2242 crtus
1135 2178 1303 2257 Episcopus
1314 2177 1468 2238 Romanus
1483 2176 1523 2238 ab
1546 2168 1607 2239 lin.
1623 2176 1679 2240 283

180 2272 212 2332 iu
226 2269 428 2346 Ezechielem,
444 2268 476 2329 444
490 2270 537 2331 1t'
548 2267 642 2329 444404
656 2266 901 2344 scansurum,
956 2273 1112 2335 Decembr.
1128 2272 1166 2333 46
1182 2269 1220 2331 ad
1234 2270 1303 2331 236.
1317 2268 1391 2332 Vide
1403 2268 1480 2331 4040
1497 2271 1677 2333 Sanctorum

178 2373 211 2426 et
226 2368 384 2427 8044440404
399 2362 437 2423 40
454 2369 589 2442 tempore
605 2368 637 2422 et
652 2360 690 2422 40
707 2361 826 2421 Sanctis
841 2379 904 2422 mc·
954 2366 1048 2447 April.
1059 2367 1098 2427 22
1114 2371 1146 2425 04
1163 2364 1323 2427 Caesarem
1340 2362 1486 2425 Eccillum
1503 2365 1535 2425 in
1551 2364 1639 2427 Actis
1648 2364 1676 2429 8.

180 2465 287 2518 morat.
303 2455 505 2518 Warthonnm
519 2454 557 2515 04
574 2454 730 2529 caveum,
746 2453 901 2517 Oudinum
955 2461 1018 2541 Caii
1037 2460 1134 2539 Papae
1150 2464 1183 2519 et
1195 2458 1354 2535 Martyris,
1369 2473 1448 2534 quae
1463 2455 1617 2523 illustrata
1629 2475 1678 2519 no

178 2551 314 2610 tomelli
332 2565 397 2627 pag.
411 2547 472 2607 7844
488 2555 546 2608 etc.
955 2555 995 2613 tis
1010 2551 1104 2614 edidit-
1118 2553 1229 2613 44044400
1258 2549 1344 2611 4628.
1370 2546 1507 2630 Epistola
1532 2548 1579 2611 ed
1603 2548 1676 2612 Eeti-

217 2639 441 2703 CdiEletUS
461 2640 650 2717 vicentinus,
666 2640 902 2703 (4000000040-
952 2662 1017 2707 cem
1043 2644 1225 2725 Episcopum
1256 2643 1366 2725 4034404
1393 2643 1423 2702 44
1450 2641 1676 2705 Pseud-isidoro

176 2736 301 2796 turinns
315 2734 415 2796 clarus
430 2732 487 2795 40.
506 2734 584 2795 4434
601 2732 716 2797 400404
735 2733 897 2794 Commen-
951 2736 1096 2799 blondelli
1117 2754 1182 2817 pag.
1201 2734 1260 2798 377
1278 2752 1343 2815 seq.
1361 2735 1503 2796 convicta
1527 2733 1627 2798 iraudi
1646 2741 1676 2798 et

175 2829 319 2889 tariorum
342 2828 371 2887 in
388 2826 559 2889 Aristotelis
584 2827 675 2889 libros
699 2827 896 2906 Physicorum
946 2826 1049 2898 404400
1076 2832 1155 2891 inter
1179 2830 1236 2892 aliu
1261 2825 1353 2891 etiam
1369 2845 1409 2891 ex
1432 2827 1610 2909 hoc,quod
1620 2846 1675 2911 pu-

175 2928 207 2981 04
222 2920 260 2982 du
276 2921 366 2983 Coelo
382 2938 417 2983 ac
433 2920 555 2998 440040,
569 2927 601 2981 04
618 2922 649 2981 40
665 2920 756 2982 libros
781 2918 819 2981 40
832 2922 896 2981 ani·
944 2941 1095 3003 0044044044
1111 2922 1257 2985 vocabulo
1273 2938 1328 3001 040
1352 2920 1483 2983 ethnicis
1510 2920 1681 2985 idololatris

175 3032 234 3077 rna.
249 3016 325 3078 Vide
342 3015 540 3076 Tritlreminrn
551 3012 695 3093 000770.
709 3012 896 3094 414000040-
951 3021 1056 3080 044404.
1084 3020 1128 3080 De
1148 3034 1203 3094 cc,
1221 3012 1301 3095 quod
1328 3016 1359 3075 in
1385 3015 1485 3076 veteri
1510 3014 1679 3078 Pontificali.

173 3114 264 3172 tarius
291 3111 468 3171 vicentinus
480 3107 593 3186 junior,
610 3113 809 3186 cognomento
832 3104 896 3167 Tie-
947 3110 1021 3173 libro
1042 3109 1135 3190 cajus
1158 3107 1269 3171 dicitur
1284 3109 1552 3186 constituisse,ut
1576 3124 1673 3171 onmes

173 3219 288 3279 metm.
301 3204 354 3281 qni
377 3207 482 3263 auctor
497 3199 569 3262 044.
598 3201 737 3263 Clericor.
754 3199 893 3279 44030404.
948 3203 1075 3267 Ordines
1098 3203 1130 3265 iu
1152 3200 1288 3264 Ecclesia
1315 3200 1360 3263 sic
1386 3198 1674 3281 0400040404μί

172 3296 400 3371 Tireatinnrnm,
417 3294 451 3356 ii:
470 3293 550 3355 4447
565 3292 646 3354 diem
669 3293 756 3369 obiit,
774 3293 891 3355 800044-
944 3297 1013 3379 quis
1036 3296 1204 3379 Episcopus
1224 3294 1296 3375 ficri
1323 3300 1515 3375 4004040404,
1535 3302 1575 3359 ut
1598 3300 1672 3360 esset

172 3407 248 3469 sque
256 3389 428 3466 adsumptus
438 3393 487 3448 est
497 3386 628 3448 44629.
639 3385 678 3447 40
686 3400 752 3464 quo
762 3386 892 3449 Cornuc-
945 3391 1109 3470 0444444444,
1142 3389 1254 3467 tetur,
1284 3386 1460 3467 exercebis,
1493 3388 1669 3473 0004044444,

172 3498 231 3543 000
247 3480 421 3559 Papadopoli
443 3487 515 3540 tom.
533 3478 559 3539 44
575 3478 732 3556 Gymnasii
756 3480 892 3543 Patavini
945 3482 1319 3560 adamannus-,diaeonus
1331 3479 1672 3563 ,presbytereteoeiudc

172 3592 239 3654 003.
254 3573 324 3636 272.
341 3569 517 3633 4404400440
531 3571 893 3652 Gujdouoilremenenst
947 3578 1113 3661 Episcopus
1134 3575 1351 3654 ordinaretur,
1380 3574 1535 3639 videndus
1567 3578 1671 3641 Petrus

171 3669 223 3747 qui
240 3669 350 3729 nocui
376 3667 585 3729 humaniorum
612 3667 780 3729 litterarum
796 3668 896 3729 exun-
948 3675 1096 3737 Constant
1110 3673 1141 3733 in
1156 3671 1300 3753 Epistolis
1311 3672 1395 3731 llom.
1409 3670 1594 3734 Pontificum
1607 3689 1670 3751 pag.

170 3767 240 3822 ctus
250 3760 406 3822 Mediolani
421 3758 456 3823 A.
473 3761 560 3822 4428.
574 3758 692 3822 Aristus
702 3761 732 3821 in
746 3761 895 3825 Cremona
949 3767 1006 3829 304
1023 3783 1089 3845 seq.
1102 3766 1146 3825 De
1159 3765 1225 3825 aliis
1242 3761 1322 3841 Gajis
1338 3762 1401 3825 dixi
1413 3762 1453 3825 ad
1468 3765 1500 3826 8
1527 3766 1670 3845 Hierony-

171 3854 319 3917 littcrata:
336 3853 421 3916 0440
437 3850 548 3915 44404440
563 3852 601 3915 de
613 3853 673 3931 Vsu,
689 3853 830 3934 Cujetnui
840 3871 895 3917 no-
934 3846 1031 3923 ¹mum
1046 3858 1084 3921 dc
1100 3860 1131 3921 S.
1145 3856 1181 3919 Ε.
1195 3874 1261 3938 cap.
1278 3858 1327 3920 49.

171 3949 251 4009 mine
267 3950 395 4024 notiore,
412 3948 522 4027 insigni
539 3949 589 4010 illo
604 3964 762 4011 sacrarum
778 3949 893 4011 littera-
988 3953 1006 3990 4
1022 3954 1202 4031 Quanquam
1219 3952 1400 4031 scriptorum
1413 3996 1420 4026 ,
1435 3968 1569 4030 qnorum
1583 3953 1669 4016 Caius

170 4060 238 4105 rnm
261 4043 425 4121 interprete
442 4048 475 4102 et
490 4042 660 4119 cardinali,
684 4060 777 4121 quem
792 4058 893 4105 annus
948 4064 1057 4111 nomen
1070 4046 1135 4125 luit,
1147 4045 1288 4111 insiorem
1302 4042 1513 4107 tractationem
1526 4046 1669 4109 iniiiblie

170 4137 248 4199 4334
264 4137 355 4198 rebus
373 4136 515 4197 humanis
529 4142 650 4198 constat
659 4136 833 4216 abstulisse,
844 4137 894 4197 la·
948 4142 1036 4202 theca
1059 4140 1166 4201 Latina
1185 4138 1338 4200 Fabricius
1366 4140 1489 4218 040344;
1516 4146 1553 4201 nt
1582 4157 1670 4221 quae·

167 4229 262 4292 cobus
289 4229 392 4302 Quetii
419 4236 503 4289 tomo
530 4227 664 4290 secundo
690 4228 891 4291 bibliothecae
947 4234 1017 4296 dam
1035 4239 1136 4295 tamen
1148 4232 1196 4292 hic
1207 4232 1322 4294 tradam
1333 4231 1372 4295 40
1382 4231 1455 4294 Caio
1463 4238 1592 4297 vetusto
1602 4235 1668 4298 sao

169 4325 441 4387 bominicnnorum.
468 4322 512 4382 De
527 4319 636 4383 iacobi
649 4321 834 4385 GdlElet'l
856 4320 894 4385 dt
946 4328 1006 4389 culi
1030 4328 1056 4388 ll
1074 4324 1203 4388 labentis
1224 4326 1388 4406 scriptore,
1405 4326 1517 4387 invitat
1543 4345 1594 4391 me
1616 4327 1668 4389 ira·

168 4413 384 4497 8400404444044,
402 4412 583 4493 fluminalis,
599 4414 733 4478 deitmcti
755 4414 790 4477 4.
814 4414 891 4477 4343
946 4427 1104 4501 3400040444
1125 4420 1371 4483 vetustissimum
1398 4437 1417 4482 a
1442 4421 1607 4484 4404040440
1631 4438 1666 4483 04

165 4526 258 4591 00040
273 4508 488 4591 prosometrico
503 4509 562 4569 448.
591 4526 651 4588 quo
671 4511 765 4571 vitam
790 4515 821 4571 04
842 4526 891 4571 400
944 4512 1017 4579 cod.
1033 4515 1094 4577 448.
1111 4530 1216 4575 annor.
1237 4513 1315 4575 4444
1339 4512 1501 4593 vulgatum
1520 4515 1667 4596 antiquit

167 4608 271 4681 300400
287 4599 450 4665 Caelestini
466 4600 601 4682 Vi’apae
624 4602 801 4681 celebravit,
820 4602 891 4665 vide
943 4606 1031 4670 440444
1050 4607 1118 4668 aevi
1139 4612 1211 4667 tom.
1229 4605 1289 4683 ill,
1305 4622 1372 4687 pag.
1389 4606 1458 4669 833.
1475 4607 1664 4689 Quamquam

167 4692 501 4757 babbeiliibliotbecam
511 4697 594 4761 4488.
608 4714 674 4777 pag.
683 4699 752 4762 236.
766 4701 811 4761 De
823 4698 890 4761 aliis
943 4698 1136 4763 deduthoris
1145 4701 1266 4761 nomine
1280 4698 1353 4761 nihil
1369 4701 1451 4761 4000
1466 4701 1590 4783 legitur,
1599 4718 1665 4764 cen-

166 4786 235 4866 cius
250 4788 409 4868 0044440440,
423 4788 580 4868 Epistolis,
597 4790 793 4853 sermonibus
808 4791 845 4853 G.
860 4792 888 4851 4.
943 4800 991 4856 set
1002 4798 1103 4855 4040044
1120 4794 1169 4853 vir
1183 4791 1320 4855 eruditus
1334 4792 1398 4855 Caii
1409 4794 1498 4855 440444.
1512 4794 1663 4857 Ecclesiae

166 4882 248 4961 44330
263 4899 329 4963 pag.
348 4883 405 4944 459
422 4901 572 4965 00400400
588 4884 746 4947 litteratae.
941 4885 1109 4967 presbyteri
1123 4902 1202 4962 0000,
1212 4903 1302 4966 quern
1313 4892 1434 4949 constat
1446 4888 1520 4950 Xlll
1534 4894 1662 4951 tantun·

206 4974 406 5042 ’Gabienus
421 4976 480 5041 iste
493 4978 669 5045 vicentinus
682 4977 792 5045 author
806 4996 887 5043 com·
942 4977 1030 5043 modo
1055 4981 1138 5045 Pauli
1162 4979 1304 5059 epistolas
1329 4998 1567 5066 annumerasse,
1587 4988 1661 5048 teste
