3458 5332
189 324 250 387 250
709 306 1179 372 BRADWARDINUS
1287 364 1291 369 .

188 425 358 492 secundnm
372 422 536 487 essentiam
554 419 620 480 sive
631 416 802 480 substantia
819 421 914 497 ipsam
969 416 1118 497 pedibiiis,
1132 414 1187 478 sed
1209 408 1422 479 universaliter
1442 416 1553 482 4411444
1575 424 1608 483 in
1631 439 1705 487 ean·

189 528 291 595 actus,
307 520 341 581 04
355 519 393 581 44
407 519 489 598 ipsa,
504 520 536 575 et
551 530 569 576 a
585 512 664 575 DEO
684 510 815 574 cundem
838 514 917 592 puri-
969 509 1073 573 sande.

190 624 239 677 ter
253 619 405 693 congente..
423 610 453 687 4)
1010 606 1060 667 44.
1075 602 1162 677 Quod
1179 604 1216 666 ad
1234 604 1305 685 boc,
1322 606 1403 686 qnod
1426 608 1572 673 voluntas
1592 613 1704 679 Divina

232 711 279 771 45.
294 704 379 779 Quod
390 704 491 765 omnia
506 709 595 765 aetus
607 702 774 764 voluntatis
786 706 916 779 creatae,
970 701 1011 761 sit
1024 698 1239 762 intrustmbiiis
1254 705 1286 760 et
1302 703 1474 763 neucesaria
1491 704 1523 763 in
1544 708 1704 771 44444444

189 795 915 875 secundumessentiamsivesubstantiamipsam
968 798 1109 874 respectu
1122 792 1701 883 snorumeiteetuumquornmcuuque,

190 902 290 972 actus,
307 894 342 955 iit
356 893 394 956 ab
411 895 493 972 ipsa,
510 898 541 951 44
558 908 576 952 4
591 886 670 952 DEO
686 888 819 952 eundem
838 888 918 968 pari·
969 893 1000 948 et
1021 902 1274 965 quarumcunque
1292 890 1496 977 posteriorum
1513 908 1700 975 causamm,

190 996 238 1054 ter
254 987 446 1064 immediate,
460 1002 515 1066 per
528 1001 562 1046 se
579 991 611 1047 et
627 983 745 1064 proprie
758 982 921 1063 congente,
969 996 1136 1058 omnesque
1157 982 1205 1042 sui
1227 982 1355 1044 enectus
1375 984 1438 1067 sint
1463 990 1633 1050 necessarii
1657 1008 1703 1054 re·

190 1100 252 1145 non
270 1088 390 1144 tantum
405 1079 557 1142 mediante
573 1078 675 1154 coeio,
692 1077 849 1140 inssnentia
865 1090 919 1157 ge-
971 1080 1079 1155 spectu
1100 1069 1200 1152 411444,
1223 1076 1336 1137 44411444
1356 1076 1437 1155 qnod
1458 1079 1525 1158 ipsa
1545 1083 1591 1143 sit
1611 1100 1700 1149 cansa

190 1177 304 1253 nerali,
321 1173 458 1253 objecto,
476 1173 525 1235 vel
552 1172 652 1251 aliquo
676 1172 733 1235 aiio
757 1173 867 1248 simili,
885 1177 917 1234 et
970 1172 1068 1251 prime
1089 1170 1278 1245 naturaiiter,
1301 1177 1333 1231 et
1360 1172 1390 1231 in
1418 1172 1535 1234 nultius
1554 1176 1697 1256 alterins,

189 1286 246 1351 per
266 1267 360 1345 ilind3
378 1284 477 1346 neque
501 1266 553 1328 taii
576 1265 787 1329 tantummodo
808 1267 919 1344 impso
972 1264 1165 1326 nullarumve
1178 1264 1304 1326 aliarum
1321 1270 1490 1343 potestate,
1502 1285 1565 1330 non
1578 1271 1700 1353 impedi·

192 1364 255 1445 pria
271 1364 406 1439 ratione,
424 1378 484 1440 qua
503 1361 606 1423 DEUS
626 1360 814 1423 voluntatem
835 1376 919 1421 crea-
971 1357 1053 1433 bilis,
1074 1363 1106 1419 et
1122 1358 1336 1420 universaliter
1351 1358 1459 1421 efficax
1478 1362 1510 1421 in
1527 1364 1688 1428 causando.

189 1464 272 1533 tam,
295 1471 373 1534 quae
394 1454 487 1516 efficit
506 1460 609 1517 actum
631 1450 746 1529 ilium,
763 1454 834 1514 iecit
863 1458 917 1515 ant
1012 1450 1053 1514 44
1062 1451 1149 1524 Quod
1159 1453 1366 1514 neceesarium
1375 1460 1436 1529 est,
1449 1454 1481 1530 14)
1493 1457 1606 1521 11111144
1616 1478 1697 1525 mun-

191 1555 314 1626 servat,
329 1565 388 1609 non
406 1548 549 1626 destruit,
564 1548 614 1611 vel
631 1563 690 1609 non
706 1546 831 1627 impedit
843 1594 850 1625 ,
861 1546 916 1609 sed
970 1543 1044 1607 dum
1061 1560 1194 1619 creasse,
1213 1547 1404 1607 incarnatum
1421 1546 1529 1626 inisse,
1548 1551 1694 1619 bominem

145 1648 148 1653 '
189 1659 259 1705 esse
272 1649 303 1704 ct
317 1642 432 1723 operari
444 1643 612 1723 permittit,
626 1647 680 1704 ant
692 1642 763 1721 qnia
780 1640 917 1721 prohibet
971 1637 1151 1715 redemisse,
1168 1643 1200 1701 et
1225 1638 1331 1701 DEUii
1349 1639 1405 1702 boc
1430 1642 1531 1723 velie,
1547 1662 1587 1708 ac
1611 1651 1693 1713 etiam

173 1729 292 1817 'ipsam
309 1737 347 1797 ab
363 1737 430 1797 aliis
444 1735 590 1815 impediri.
972 1732 1119 1821 votuisse
1219 1736 1225 1746 '

232 1832 279 1892 46.
297 1828 383 1904 Quod
400 1830 641 1909 quandocunque
657 1828 759 1891 DEUS
775 1835 807 1890 et
834 1845 918 1891 crea·
1010 1826 1248 1899 asennaeum
1272 1829 1374 1893 iutura
1390 1833 1603 1913 contingentia
1623 1838 1689 1901 dunt

191 1932 259 1987 tura
287 1923 440 1985 rationalis
467 1924 639 1985 coefflciunt
660 1922 788 1985 liberum
813 1930 916 1985 aetum
970 1922 1159 2000 praesentia,
1176 1929 1230 1984 aut
1246 1924 1277 1983 in
1293 1926 1492 2002 praeteritum
1507 1926 1688 2009 ditabuntur,

191 2035 283 2081 sunm
296 2065 303 2098 ,
318 2018 420 2081 DEUS
447 2019 533 2096 prins
561 2016 739 2078 naturaiiter
754 2019 817 2098 agit
832 2018 918 2079 iilum
974 2015 1113 2076 roinntas
1126 2015 1228 2077 divina
1244 2026 1386 2097 respectu
1402 2018 1523 2081 iiiornm
1547 2040 1608 2085 non
1623 2024 1688 2088 desi

192 2130 284 2192 quam
294 2115 375 2193 ipsa,
391 2112 413 2187 4)
427 2120 459 2172 44
474 2110 555 2191 qnod
566 2110 708 2173 voluntas
718 2112 826 2173 Divina
836 2130 922 2192 prae-
974 2109 1020 2169 nit
1036 2124 1104 2169 esse
1116 2108 1211 2170 libera
1227 2110 1326 2189 aliqua
1344 2111 1503 2189 libertate,
1525 2132 1585 2179 seu
1602 2119 1687 2199 aiiqoo

191 2206 273 2269 cedit
292 2207 468 2269 naturaiiter
485 2208 515 2265 in
530 2204 664 2285 agendo,
678 2210 714 2266 ut
729 2207 919 2283 Domina,et
974 2200 1062 2262 modo
1086 2201 1233 2263 libertatis
1261 2205 1466 2287 intrinsecas,
1485 2226 1550 2288 qna
1572 2213 1620 2273 vei
1639 2230 1685 2293 quo

190 2306 292 2367 creata
307 2302 402 2381 ipsam
422 2299 619 2378 subsequitur
644 2299 772 2361 natumii
786 2299 918 2378 ordinis,
941 2358 947 2365 .
973 2296 1057 2374 prius
1074 2296 1171 2357 iuerat
1184 2296 1276 2359 libera
1288 2344 1297 2377 ,
1309 2315 1365 2359 nec
1380 2301 1486 2380 incipit
1506 2318 1579 2366 esse
1598 2322 1684 2369 neces

191 2395 355 2456 ntanoiiia.
972 2391 1051 2450 saria
1067 2389 1168 2469 aliqua
1194 2393 1377 2453 necessitate
1397 2397 1537 2474 opposite
1561 2405 1682 2481 respectu

234 2487 281 2549 47.
296 2487 383 2559 Quod
397 2489 504 2551 11141111
518 2484 669 2569 praevalia
682 2533 689 2564 ,
704 2487 733 2549 id
750 2495 799 2550 est
811 2533 819 2564 ,
832 2488 918 2568 prins
972 2484 1117 2563 ipsorum.

193 2581 371 2641 naturaiiter
384 2580 475 2658 velie,
491 2598 546 2644 seu
560 2583 644 2662 prius
660 2583 853 2644 aeternaiitcr
866 2598 919 2642 vo·
1015 2576 1054 2639 24
1068 2577 1154 2650 Quod
1171 2578 1314 2641 voluntas
1329 2579 1432 2643 divina
1448 2599 1573 2666 semper
1587 2594 1633 2651 est
1645 2604 1681 2650 ee

191 2673 287 2735 inisse
303 2673 360 2734 hoc
376 2675 425 2735 vei
443 2674 515 2737 iliud
534 2692 678 2755 praesens
694 2676 743 2736 vei
762 2675 916 2751 iuturum,
973 2686 1033 2749 que
1049 2670 1162 2751 libera,
1179 2688 1234 2735 sen
1251 2689 1348 2751 aeque
1371 2679 1546 2742 necessaria
1561 2686 1680 2763 respecta

190 2784 249 2826 nec
275 2772 324 2827 est
348 2784 405 2830 444
423 2768 478 2831 1444
499 2771 529 2829 44
558 2767 652 2830 libera
672 2766 918 2829 contradictionis
971 2762 1182 2845 cujuscunque
1203 2767 1250 2827 sni
1271 2765 1399 2847 objecti,
1416 2774 1449 2830 et
1470 2770 1632 2851 cujuslibet
1647 2776 1680 2835 44

191 2857 324 2921 bominis
339 2868 497 2941 potestate.
514 2864 565 2943 gi·
897 2889 899 2893 ν
974 2859 1200 2921 trinseciactns
1216 2862 1273 2921 sui.

233 2954 281 3015 te.
297 2954 383 3029 Quod
395 2972 487 3018 cansa
501 2956 617 3036 prima,
636 2971 692 3017 sen
708 2954 850 3016 voluntas
868 2954 919 3016 Iti·
1012 2951 1061 3014 45.
1078 2953 1164 3025 Quod
1194 2957 1400 3018 necessarium
1415 2965 1477 3037 est,
1500 2962 1607 3027 ltEUti
1619 2962 1680 3025 seire

191 3049 283 3129 vina,
305 3065 364 3110 non
386 3057 435 3111 est
460 3052 488 3109 in
503 3066 596 3111 causa
613 3040 787 3128 posterioris
807 3047 840 3125 b)
861 3064 918 3109 sen
972 3044 1010 3107 de
1024 3046 1158 3126 qnalibet
1174 3064 1207 3109 re
1223 3051 1393 3128 praesenti,
1409 3053 1508 3132 ipsam
1524 3056 1680 3137 essemcire

191 3142 358 3204 voluntatis
374 3151 493 3207 creatae
510 3144 603 3205 libera
619 3149 779 3223 potestate.
971 3156 1091 3220 quoque
1108 3147 1200 3220 atque
1216 3142 1344 3204 scivisse
1356 3142 1394 3205 de
1415 3148 1553 3226 qnalibet
1565 3168 1598 3213 re
1612 3166 1680 3234 pree

232 3238 281 3298 49.
298 3237 384 3309 Quod
398 3241 511 3317 gratia,
526 3253 587 3316 qua
601 3236 775 3314 salvamur,
792 3236 882 3299 datur
898 3253 914 3298 a
970 3235 1078 3311 terita,
1093 3236 1189 3314 ipsam
1204 3236 1308 3298 inisse.

191 3332 269 3392 DEO
285 3333 379 3409 gratis
399 3331 590 3409 simpliciter,
612 3345 668 3391 nec
692 3329 792 3408 atiquo
809 3330 916 3391 merito
1009 3328 1059 3391 20.
1080 3328 1166 3400 Quod
1186 3346 1257 3391 cum
1273 3330 1374 3395 iutnra
1400 3338 1608 3418 contingentia
1619 3340 1682 3403 finnt

190 3425 313 3504 praevio
339 3439 448 3503 magno
477 3423 527 3484 vei
558 3438 671 3503 parvo,
688 3422 836 3502 condigno
864 3423 914 3484 vei
970 3423 1152 3502 praesentia,
1169 3423 1199 3482 in
1213 3426 1451 3502 praeteritumve
1465 3435 1693 3505 transcurreret,

190 3533 323 3595 congruo
339 3523 539 3596 comparatur.
844 3528 848 3536 ’
971 3515 1097 3605 scientia
1112 3516 1179 3577 DEI
1206 3523 1348 3596 respectu
1366 3520 1486 3584 iliorum
1504 3542 1564 3587 non
1589 3526 1685 3589 desiuit

232 3611 271 3671 20
286 3610 372 3682 Quod
393 3611 535 3673 voluutas
551 3613 659 3676 Divina
678 3613 700 3691 4)
720 3628 780 3673 444
798 3617 846 3674 est
863 3612 920 3672 im·
974 3623 1043 3671 esse
1059 3610 1238 3690 contingens
1252 3609 1274 3688 1)
1292 3611 1394 3693 aliqua
1409 3618 1626 3703 contingentia,
1639 3636 1686 3685 sen

217 3756 260 3820 a)
274 3759 419 3809 4444444444
433 3757 570 3810 dicendum
585 3757 655 3808 atiud
671 3770 726 3810 esee
742 3770 837 3823 egena,
853 3758 924 3821 qnod

187 3840 290 3895 propter
304 3834 432 3883 actionem
448 3833 572 3893 tiberem,
590 3846 708 3896 quaeque
725 3840 825 3897 poterat
840 3842 865 3885 44
882 3837 924 3886 de·
1013 3846 1044 3910 k)
1063 3851 1237 3905 4444444444]
1251 3867 1280 3906 44
1291 3858 1484 3920 sapientissimo
1497 3860 1692 3926 plenissimam·

185 3908 262 3958 44444
278 3908 311 3957 ab
327 3920 357 3959 eo
374 3913 478 3971 omitti,
494 3912 570 3972 punit
586 3913 681 3972 bittit,
696 3917 723 3961 et
741 3912 825 3965 aitnnr
842 3926 923 3977 44444·
969 3923 1057 3974 nitatis
1074 3928 1178 3978 0444444
1199 3931 1306 3994 4414144,
1325 3935 1474 3997 uerrttqaam
1493 3941 1592 3991 444144
1612 3952 1691 3993 44444-

185 3992 238 4035 tem
253 3987 337 4046 1044440
352 3987 445 4035 ”EUM-
918 4028 922 4033 -
966 3999 1041 4049 ritate
1056 4012 1210 4066 quecunque
1221 4017 1287 4066 qnae
1303 4012 1421 4070 tempus,
1438 4014 1553 4065 rationes
1563 4023 1589 4066 et
1599 4014 1694 4069 medan

231 4059 253 4118 4)
269 4063 322 4109 4444
340 4059 445 4122 perinde
460 4067 499 4111 est
515 4073 545 4114 ac
561 4063 583 4111 st
599 4060 826 4124 dicoecesanam,
842 4077 919 4127 quem
969 4072 1005 4120 144
1021 4079 1047 4140 et
1062 4086 1113 4126 non
1129 4075 1203 4127 aliter
1214 4078 1323 4134 iaetendt
1341 4085 1423 4133 014414
1440 4085 1553 4152 44144444
1565 4092 1693 4155 magenes,

186 4136 274 4196 epiro,
287 4137 357 4196 prius
374 4134 438 4185 4444
453 4135 564 4198 scribere
579 4148 656 4199 quam
673 4139 785 4200 me.qnt
802 4140 852 4188 ista
868 4152 920 4191 444
965 4158 1026 4197 nam
1042 4162 1209 4215 quaeeunque
1225 4154 1307 4207 iacere
1329 4156 1368 4207 rei
1393 4171 1446 4209 non
1462 4160 1547 4214 iaoere
1566 4168 1628 4217 440
1642 4167 1694 4231 pia·

186 4208 343 4270 impediente
358 4207 417 4259 atre
434 4217 548 4273 poteram
560 4214 639 4261 ettam
655 4223 707 4260 non
722 4211 849 4265 scriberet
861 4218 919 4263 tan-
966 4223 1075 4284 auisset,
1089 4229 1177 4277 omnia
1192 4228 1266 4279 vaide
1280 4230 1349 4281 4444
1364 4218 1472 4285 inissent
1488 4235 1585 4293 inaura.

187 4290 243 4332 tum
258 4283 330 4333 abest
348 4290 376 4333 44
393 4286 419 4334 14
438 4284 510 4335 maiia
525 4285 671 4335 actionibus
687 4285 762 4335 bomo
783 4287 823 4338 444
845 4300 922 4363 ange·
1012 4296 1029 4359 Ι)
1045 4302 1098 4350 1144
1114 4308 1153 4350 444
1168 4315 1219 4352 444
1233 4305 1328 4356 41444444
1341 4306 1399 4368 1114,
1411 4317 1559 4371 praesentia
1571 4316 1630 4369 iicet
1647 4321 1696 4383 141

187 4357 237 4417 1444,
245 4364 374 4420 qnatenus
383 4358 465 4410 maiae
475 4365 500 4410 44
511 4371 527 4409 4
539 4362 600 4409 bito
617 4359 760 4422 prohibitae
771 4366 919 4424 sunt,‘es0
963 4373 1077 4436 ausuque
1093 4379 1253 4440 4444444444,
1269 4385 1392 4445 „upum
1405 4388 1596 4452 mmmmm,
1609 4352 1696 4456 egum,

185 4438 215 4483 ¹¹²
229 4435 338 4483 ⁰⁰⁰¹¹¹¹⁰
353 4433 459 4497 ⁰b⁸²d¹¹¹
476 4438 510 4485 ³¹⁸
528 4433 664 4485 4400441143·
966 4460 1054 4511 scere,
1073 4448 1126 4501 boe.
1138 4458 1175 4502 est
1190 4466 1240 4517 44,
1263 4468 1329 4517 quae
1356 4471 1408 4509 non
1425 4464 1579 4526 contingere
1602 4471 1696 4531 potuis·

232 4506 260 4568 a)
272 4508 439 4559 0400441444
450 4508 548 4561 bomini
558 4512 705 4571 permittere
716 4512 847 4565 actionum
858 4529 920 4568 aua·
964 4531 1030 4575 4444.
1046 4527 1083 4576 144
1100 4530 1178 4577 ettam
1194 4534 1316 4593 tanquam
1327 4536 1508 4599 contingentia
1520 4537 1566 4591 tita
1578 4548 1696 4607 eoguuun

187 4592 246 4631 rum
269 4581 415 4643 4144444444,
432 4582 481 4635 boe
497 4587 536 4635 444
553 4582 698 4635 4444444444
725 4590 842 4641 morendi
863 4604 920 4643 sese
963 4608 1102 4664 antequam
1117 4606 1432 4667 mnsrugemne,1roem
1450 4614 1695 4675 mmmm.

185 4656 214 4705 in
235 4660 490 4719 partemntrsmrta:
507 4657 551 4709 sed
568 4658 710 4712 adunatam
734 4673 766 4714 44
787 4667 920 4735 sinistram
965 4685 1013 4725 nae
1031 4678 1165 4739 nateatatia
1182 4685 1260 4742 atque
1277 4684 1422 4745 saptentiae
1445 4699 1528 4749 suae.
1546 4695 1591 4745 444
1616 4706 1696 4747 nean

185 4735 282 4783 14401044
297 4745 356 4783 tum
376 4746 429 4784 ¹¹⁰ss
445 4735 633 4785 determinavit.
962 4751 1041 4799 ettam
1056 4749 1185 4803 liberrime
1201 4756 1406 4819 contingentium
1423 4768 1546 4825 4444444,
1564 4775 1696 4833 antequam

231 4806 260 4870 h)
276 4810 352 4869 arqui
367 4809 461 4859 0444140
475 4810 595 4860 (3414444444
610 4809 698 4863 mh·
708 4814 797 4878 ¹1¹⁰,
807 4815 840 4865 57
851 4828 918 4879 ‘1⁸⁰-
962 4827 1103 4885 evenerint,
1116 4833 1237 4890 tanquam
1247 4838 1393 4892 praesentes
1404 4837 1487 4899 ipsine
1499 4842 1584 4893 4444414
1596 4850 1696 4907 patent,

184 4882 238 4932 4144
252 4882 349 4933 notai?
364 4889 391 4933 et
407 4884 532 4936 notuisti.
961 4900 1030 4949 sicut
1056 4902 1220 4962 prurientium
1240 4904 1376 4959 444414444
1398 4916 1543 4977 sagacitas,
1566 4928 1696 4973 4444444444

231 4956 916 5025 1))44444444,44411444444444444444141441444.444
962 4984 1002 5022 ree
1025 4973 1117 5025 4444444
1142 4984 1227 5040 potest
1252 4984 1422 5046 praesidere,
1444 5001 1511 5051 quas
1536 4998 1624 5049 444444
1646 4999 1696 5061 ipsa

181 5030 479 5087 444444444444444144
495 5039 584 5087 terem.
603 5041 684 5091 xxvi.
964 5050 1114 5113 neutiquam
1131 5054 1167 5105 144
1183 5056 1340 5110 4444144441
1357 5063 1428 5126 csqtt
1443 5062 1485 5119 441
1498 5065 1568 5122 tacit
