3458 5332
676 328 940 393 4444444
1495 294 1570 411 31,

136 432 163 488 44
180 435 215 491 44
232 446 322 508 aqua,
340 432 476 491 sentiunt
492 436 526 491 ut
539 438 603 507 444,
616 432 668 493 sed
685 435 776 496 etiam
830 437 955 497 crimine
971 437 1098 499 libenter
1113 440 1272 504 absolvant
1289 450 1339 524 qui
1354 451 1556 518 Trithemium

138 525 224 602 igunt
242 530 276 585 ut
290 524 381 604 ignis,
399 542 532 602 veraque
553 524 631 587 bona
657 534 775 588 sectan-
829 527 1556 627 ejusqueSteganegraphiamnoverunt.Epistola
1650 608 1653 613 .

136 634 189 697 rag.
218 616 276 681 447
306 617 343 679 ad
369 618 553 678 Guilelmum
582 621 773 681 briconetum
828 625 856 684 X
881 626 1021 686 Ximenio
1041 627 1211 703 gratulatus
1231 631 1387 696 victoriam
1415 640 1554 703 0444444-

136 712 224 773 rulem
242 708 459 772 Lodovensem.
489 714 532 773 De
550 713 774 774 immortalitate
827 733 907 792 sem,
925 724 1027 778 narrat
1042 718 1166 803 Sophim
1183 722 1294 800 Regem
1315 729 1473 793 Persarum
1500 736 1553 797 ba.

136 806 153 881 i,
165 811 196 866 et
212 806 313 866 444444
323 807 456 884 corporis
470 807 687 867 instauratione
701 823 771 870 eum
826 812 972 888 ptizatum
987 818 1018 872 et
1033 813 1090 873 sub
1107 814 1223 875 CHristi
1240 819 1439 884 militaturum
1456 829 1553 890 veril-

136 905 176 961 444
190 917 219 978 p.
239 899 307 963 tat.
324 900 475 977 Sapientis
489 905 624 960 mentem
652 903 773 961 immor·
828 905 878 976 lis,
896 911 927 963 et
943 906 1078 983 Epistola
1094 908 1149 967 Xll
1160 906 1327 971 deh'icolao
1338 912 1376 974 de
1388 916 1476 992 Saxo,
1488 937 1553 981 ere-

136 998 163 1053 44
179 993 301 1072 plenam
329 991 480 1052 concludit
507 995 593 1071 quasi
609 992 682 1071 juge
703 1012 772 1055 esse
828 997 1128 1073 mitallelretio,sine
1138 1003 1218 1060 omni
1229 1003 1295 1063 cibo
1306 1022 1341 1065 ac
1354 1016 1426 1085 potu
1437 1012 1552 1072 vixisse

135 1086 247 1161 ivium,
263 1086 421 1165 speculum
439 1086 577 1146 Universi
593 1104 658 1165 pag.
671 1087 729 1148 434
743 1087 771 1147 b.
827 1089 905 1151 duos
921 1096 952 1150 44
977 1093 1082 1170 viginti
1104 1110 1212 1168 annos,
1229 1093 1318 1173 cujus
1343 1099 1491 1165 visionem
1512 1124 1552 1167 ox

140 1184 245 1240 autern
263 1185 311 1239 est
328 1177 408 1257 quod
426 1179 599 1262 melioribus
616 1196 775 1257 argumen-
828 1182 942 1242 bovillo
957 1186 1067 1262 repetit
1083 1187 1174 1247 etiam
1188 1188 1322 1249 Joauucs
1339 1192 1469 1256 Wellius
1485 1205 1507 1258 4.
1525 1201 1552 1261 14

136 1288 259 1333 4444444
270 1272 306 1332 de
319 1274 372 1333 SS.
384 1274 414 1331 iu
428 1271 506 1334 buo
520 1274 665 1333 Trinitate
680 1290 772 1352 quam
828 1274 945 1335 lection.
957 1277 1140 1338 memorabit.
1153 1296 1218 1358 pag.
1238 1282 1285 1344 49.
1301 1282 1435 1361 Epistola
1446 1291 1500 1352 xv
1514 1288 1553 1354 (10

136 1366 198 1445 gnis
225 1366 283 1427 illis
311 1366 503 1427 sensibilibus
531 1384 608 1444 quae
639 1368 773 1444 congerit
826 1367 940 1428 Veneto
954 1369 1084 1447 quodam
1101 1372 1150 1449 pio
1161 1373 1226 1432 viro
1242 1373 1374 1451 hymnos
1390 1380 1552 1457 perdulcos
1658 1402 1661 1408 ·

136 1462 180 1520 {us
195 1476 263 1541 pag.
283 1461 339 1521 434
358 1476 420 1536 seq.
439 1467 469 1519 et
486 1459 566 1538 quod
583 1477 649 1539 pag.
668 1460 721 1522 l3l
740 1459 769 1520 b.
825 1470 952 1523 canente
978 1480 1016 1523 ex
1046 1470 1193 1542 tompore,
1215 1467 1266 1544 qui
1294 1468 1405 1531 Romae
1436 1474 1551 1539 vilibus

136 1570 166 1613 m
180 1557 380 1632 coguitionem
408 1553 542 1631 disputat
562 1553 661 1630 aliquo
682 1553 770 1614 modo
823 1560 946 1633 opertus
963 1556 1092 1616 trosellis
1107 1559 1219 1618 homae
1247 1560 1379 1622 Verbum
1410 1566 1474 1627 DEl
1497 1586 1553 1648 pu-

136 1653 225 1719 'atem
243 1663 321 1706 esse.
334 1647 564 1708 DEbllllontem
578 1647 668 1707 Lucis
684 1692 691 1723 ,
707 1636 769 1706 hn—
821 1646 896 1707 blice
913 1649 1022 1709 extulit
1045 1667 1079 1710 ac
1097 1650 1293 1729 praedicavit,
1313 1661 1446 1718 testatus
1463 1659 1550 1722 dam-

136 1757 145 1800 4
173 1740 306 1819 primum
332 1736 425 1801 Lucis
442 1737 600 1818 speculum
619 1756 686 1819 pag.
709 1739 768 1801 440
822 1741 938 1818 naudos
952 1758 1078 1814 omnes,
1096 1746 1147 1821 qui
1169 1762 1228 1804 nou
1257 1751 1373 1824 egerint
1391 1755 1549 1829 poeniten-

135 1849 199 1893 tem
214 1850 267 1911 per
277 1835 445 1914 angelicum
457 1835 686 1912 trasparcntiam
699 1850 764 1912 pag.
821 1836 903 1925 tiam.
914 1835 1048 1913 Epistola
1065 1836 1160 1897 Xlllll
1174 1854 1228 1915 pro
1241 1843 1359 1904 animae
1372 1846 1552 1927 incorrupti-

139 1973 146 1985 .
165 1927 215 1988 Sol
227 1944 321 2005 purus
336 1944 371 1988 ac
388 1929 452 1987 sine
468 1928 567 2004 speeie
578 1926 765 1987 intellectum
819 1928 947 2006 bilitate,
961 1945 1053 2006 quam
1070 1929 1204 2008 Epistola
1218 1932 1276 1992 XX
1294 1935 1335 1993 ita
1351 1934 1494 1998 describit
1512 1948 1549 2001 ut

136 2022 234 2095 icum,
252 2023 335 2082 Luna
356 2021 508 2080 maculosa
535 2018 702 2080 humanum
720 2037 766 2079 re·
820 2022 916 2082 lleurn
934 2027 1048 2083 statuat
1065 2023 1178 2083 iontem
1193 2026 1376 2102 animarum,
1393 2046 1411 2088 a
1431 2048 1493 2106 quo
1514 2034 1547 2092 iu

136 2131 194 2194 mg.
219 2116 277 2175 443
299 2113 463 2175 secuudum
488 2119 520 2173 et
544 2113 682 2174 ultimam
702 2114 766 2173 DEl
821 2130 944 2193 corpora
960 2117 1138 2192 mittantur,
1156 2124 1248 2196 atque
1262 2133 1280 2177 a
1294 2134 1416 2198 corpore
1429 2140 1550 2203 separa-

136 2226 216 2269 nem.
820 2215 869 2269 tae
886 2210 995 2269 iterum
1009 2211 1040 2269 in
1056 2210 1162 2272 44434444
1177 2211 1325 2286 44444444,
1352 2214 1448 2277 donee
1476 2218 1550 2281 olim

136 2302 170 2363 Pe
193 2301 330 2362 numeris
346 2302 411 2362 sive
429 2300 466 2361 de
482 2301 714 2381 proprietatibus
730 2318 765 2362 ac
818 2301 949 2362 sociatae
957 2301 1058 2363 denuo
1065 2303 1310 2382 cerporibussuis
1319 2313 1443 2370 aeterna
1456 2327 1550 2389 spou-

136 2397 199 2457 uiis
215 2395 373 2457 duodecim
402 2412 595 2457 numeroram
611 2413 640 2475 p.
658 2396 715 2457 ll8
736 2390 765 2455 h.
823 2395 938 2453 satione
952 2393 1127 2473 jungantur.

136 2506 285 2551 umanum
296 2487 509 2567 Ganajensem,
527 2489 700 2550 Praesulem
711 2490 762 2554 Ca.
862 2487 889 2545 t).
907 2488 950 2546 Dc
960 2486 1104 2568 perfectis
1123 2490 1259 2553 cameris
1276 2492 1314 2554 ad
1329 2494 1477 2557 iacobum
1495 2498 1550 2560 Pa-

137 2599 234 2645 usem.
253 2584 332 2644 Sunt
347 2585 376 2642 iu
388 2583 449 2658 his,
467 2585 545 2644 sicut
561 2591 592 2644 et
607 2585 636 2642 in
648 2582 767 2662 Episto·
824 2580 912 2640 brum
926 2581 1162 2660 ,Stapulensem
1176 2602 1242 2664 pag.
1260 2585 1333 2649 tra.-

136 2676 217 2751 ›villi,
232 2676 380 2754 quaedam
398 2691 457 2735 uon
473 2676 644 2738 abludentis
663 2677 700 2737 ab
721 2693 768 2737 ar·
864 2673 910 2735 40.
928 2674 1287 2755 Dellathemutr'or‘s‚sire
1298 2680 1553 2744 Geometrieiaro·

136 2770 248 2831 [ouibus
268 2769 551 2847 Pythagoricorum,
569 2771 668 2847 qualia
687 2768 767 2848 apud
821 2766 884 2844 444,
899 2768 995 2829 eidem
1008 2768 1107 2830 medio
1118 2772 1230 2832 circulo
1241 2774 1345 2851 plures
1357 2777 1433 2836 alios
1445 2794 1552 2838 secan-

136 2862 257 2925 taohum
271 2869 302 2923 et
313 2862 505 2924 iulamblichi
517 2862 768 2941 Theologumenis
822 2866 870 2919 444
880 2862 1200 2924 circumscribentibus
1209 2882 1274 2944 pag.
1288 2867 1345 2928 lto
1356 2867 1392 2928 ad
1404 2868 1550 2932 lodocu'm

136 2957 503 3034 meticae,hleursiumque
514 2963 545 3015 44
556 2957 677 3019 Petrum
688 2961 769 3018 4444-
824 2945 1551 3043 Clichtoreum,quemalibiPraeceptoremsuum

152 3050 207 3111 sed
225 3055 256 3111 et
274 3052 302 3108 in
321 3049 422 3110 lodoci
441 3049 608 3110 Clichtovei
625 3052 768 3129 opusculo
824 3048 964 3126 appellat.

137 3144 233 3222 ystica
250 3159 445 3203 numerorum
462 3142 696 3222 significatione,
717 3144 769 3203 Pa·
864 3142 912 3200 44.
943 3140 986 3199 De
1019 3130 1240 3202 liothemoticr'a
1275 3143 1479 3225 Corporibus,
1514 3150 1553 3210 ad

136 3238 232 3312 ibit,
251 3237 277 3295 t.
294 3237 385 3296 Plano
415 3242 518 3296 autem
541 3234 618 3295 ludit
648 3251 768 3314 operam
823 3234 946 3292 Petrum
977 3232 1015 3292 dc
1047 3234 1163 3311 Gumis,
1184 3233 1349 3296 Medicinae
1379 3240 1554 3316 Doctorum,

136 3331 194 3407 lus,
210 3329 331 3409 quando
347 3329 490 3408 paglt'r‘
506 3329 535 3388 b.
552 3344 615 3405 seq.
635 3327 768 3388 mirificis
822 3338 889 3404 pag.
912 3326 979 3386 485.
1391 3343 1393 3346 ·

136 3426 234 3487 uentis
248 3423 364 3486 multus
381 3424 410 3482 in
428 3428 542 3497 coest,
560 3427 594 3482 ut
608 3437 769 3482 numerum
865 3419 913 3481 44.
928 3418 970 3478 Dc
985 3417 1205 3482 4444444444444
1227 3419 1468 3500 Supplemcutis,
1486 3427 1552 3486 sive

137 3520 199 3581 ium
212 3523 303 3596 atque
313 3516 383 3579 indo
395 3518 499 3578 666444
509 3514 688 3595 Apocalyps.
700 3515 769 3575 Xlll
824 3515 917 3574 variis
942 3512 1180 3577 Problematibus
1205 3516 1403 3578 Geometricis
1430 3518 1466 3579 ad
1493 3520 1554 3580 lte-

136 3630 266 3675 rmerum
284 3611 415 3672 hominis
429 3626 498 3672 esse
515 3607 633 3682 doceat,
651 3600 693 3669 uti
705 3625 772 3686 sep
826 3608 975 3668 mundum
991 3608 1173 3670 bucherium
1187 3611 1400 3688 iurisperitum
1414 3628 1483 3691 pag.
1494 3604 1553 3675 tsi

138 3709 215 3782 ium,
232 3721 393 3766 numerum
408 3703 588 3763 Divinitatis.
603 3703 699 3782 Epist.
715 3705 742 3764 4.
827 3700 855 3760 b.
868 3734 889 3747 -
901 3703 969 3763 498.

136 3797 279 3879 Epistolae
293 3799 343 3858 ΧΧ
358 3796 464 3857 Bovilli
481 3802 514 3854 et
530 3796 656 3855 aliorum
667 3794 704 3855 ad
716 3797 772 3856 Bo
866 3798 1022 3856 Praeterea
1037 3797 1173 3877 Lugduni
1193 3799 1265 3860 4534
1284 3842 1290 3869 ,
1308 3799 1327 3857 8
1343 3799 1497 3878 prodiere:
1513 3802 1524 3862 4
1541 3800 1551 3875 l

135 3894 215 3970 u‚v.
226 3892 368 3952 Germani
383 3890 421 3951 de
431 3889 545 3968 Ganay,
557 3890 608 3949 lX.
620 3888 771 3949 Francisci
825 3891 1068 3953 Commentarius
1096 3892 1125 3950 in
1150 3892 1260 3951 Psalm.
1288 3892 1418 3952 CXLVll
1445 3892 1553 3953 444444

136 4001 204 4059 444,
216 3985 393 4058 cardinalis,
406 3985 486 4044 Xlll.
502 3985 578 4046 XlV.
590 3984 699 4044 hicolai
715 3984 771 4043 llo
824 3982 1014 4044 Hierusalem
1036 3983 1204 4043 Dominum.
1223 3985 1255 4059 2)
1274 3985 1303 4041 in
1323 3984 1431 4043 Psalm.
1447 3986 1550 4046 CXVl.

136 4080 182 4141 llll
195 4079 297 4138 iacobi
308 4078 410 4153 Fabri,
428 4078 635 4156 stapulensis,
650 4083 681 4137 44
695 4077 767 4138 xlx
823 4076 957 4137 44444444
967 4075 1126 4137 [lominum
1140 4091 1240 4135 omrres
1249 4078 1361 4153 genter.
1375 4076 1413 4148 3)
1428 4075 1464 4134 444
1481 4092 1549 4135 444-

144 4174 280 4234 -l'arcuii
299 4173 332 4231 lu
357 4174 445 4231 tertia
468 4170 504 4231 ad
526 4171 710 4233 Germanum
732 4170 769 4231 de
823 4168 984 4230 certatione
998 4174 1026 4228 44
1038 4185 1116 4228 arca
1124 4166 1250 4247 peccati.
1263 4171 1290 4243 a)
1305 4173 1336 4227 et
1351 4167 1377 4241 l)
1391 4165 1427 4226 dc
1440 4170 1581 4258 septom'·

137 4265 299 4344 nographia
327 4265 483 4325 Trithomii
498 4268 540 4326 ita
552 4267 674 4326 sinistre
691 4263 771 4343 judi·
823 4263 906 4325 vitiis
923 4262 1072 4325 humenis.
1106 4324 1109 4328 .

136 4360 182 4436 a)
200 4366 234 4421 ut
250 4362 368 4435 llagum
382 4374 442 4418 nou
463 4358 579 4419 dubitet
596 4359 689 4420 luisse
706 4359 770 4419 dri·
861 4359 981 4420 Parisiis
997 4356 1078 4436 apud
1098 4355 1224 4417 Badium
1246 4353 1426 4417 Ascensium
1446 4356 1545 4429 4444,

139 4470 191 4514 nm
209 4457 240 4513 ct
258 4454 352 4514 nulla.
364 4459 448 4531 parte
469 4451 673 4530 Philosophiae
695 4453 768 4512 iusi·
823 4452 919 4526 4444,
932 4451 959 4511 4.
977 4447 1259 4528 llinprimordialc
1270 4447 1430 4527 Evangelii
1436 4445 1548 4506 14444-

145 4593 153 4625 ,
181 4563 252 4607 curn
279 4546 377 4607 bonus
403 4545 588 4606 Trithemius
618 4546 767 4606 maximas
819 4542 1121 4607 ru'sGommentarios
1138 4558 1194 4622 per
1214 4543 1431 4622 propositiones
1446 4541 1544 4601 XXX.

136 4658 149 4701 s
166 4641 196 4714 b]
213 4641 325 4701 Bovillo
342 4657 401 4699 non
417 4639 570 4711 inviderit,
586 4640 767 4716 etahlagiae
821 4655 948 4716 quarum
961 4638 1081 4715 ultima,
1087 4634 1209 4717 plenum
1220 4635 1344 4695 Gratiae
1353 4639 1383 4694 et
1394 4631 1545 4695 Vetraria.

821 4732 854 4806 2)
876 4731 938 4792 Vite
953 4730 1123 4791 lloemrrndi
1133 4727 1235 4806 Lollii,
1248 4730 1409 4789 Eremitae.
1425 4728 1459 4804 3)
1473 4727 1546 4806 Epi-

136 4788 733 4935 {}2‡{T,J,¹{¹‡22¹2,‘{{⁶¹¹'¹¹⁰l·”MP¹·
747 4803 769 4848 ¹¹
818 4822 912 4885 stobe
926 4821 1269 4903 [aliaetsupeuoruus]
1287 4822 1380 4883 ,4444
1395 4820 1432 4882 aa
1446 4820 1547 4882 uiver-

136 4948 193 4997 4444
203 4948 400 4997 trenureicnturn
416 4960 471 5010 pag,
490 4948 538 4997 032
554 4950 672 5012 „mm
690 4958 770 5007 mn,
819 4935 882 4992 sos,
898 4921 926 4978 iu
942 4919 1053 4996 quibus
1067 4919 1158 4977 etiam
1173 4916 1246 4977 illud
1260 4933 1326 4995 pag.
1342 4916 1380 4976 62
1395 4922 1426 4975 et
1441 4916 1480 4973 63
1495 4932 1544 4974 re·

819 5014 931 5092 petitur
947 5010 985 5070 de
1001 5010 1120 5073 liicolao
1133 5009 1170 5069 de
1184 5010 1277 5085 Saxo,
1284 5025 1343 5089 per
1359 5022 1453 5069 44444
1466 5006 1542 5068 riuus

1034 5164 1047 5196 0
