3464 5318
617 264 1036 381 praeveneras
1511 332 1569 399 nn

72 425 147 492 tuus
164 418 231 492 est)
244 416 353 496 prodiit
366 433 437 477 curn
452 415 633 496 praelatione
646 421 797 483 Laurentii
851 422 975 484 Petrum
990 425 1034 484 De
1049 422 1170 504 4400440.
1191 428 1247 488 Est
1262 431 1353 492 etiarn
1370 433 1400 493 in
1417 435 1570 502 400440040-

70 511 220 573 abstemii
234 510 423 590 argentorat.
438 513 516 573 4666
528 513 554 573 4.
566 515 651 575 44000
663 515 795 581 libellum
850 533 888 575 aa
904 516 1033 577 editione
1048 519 1222 596 saepissime
1235 529 1368 584 erratum
1386 526 1416 585 in
1432 534 1568 594 numeris

69 605 147 665 tanti
162 603 233 665 lecit
245 604 359 665 AEneas
373 605 512 682 Sylvius,
527 613 562 667 ut
575 609 654 668 vitas
667 614 798 685 quatuor
849 626 1005 686 annorum,
1020 616 1093 689 quot
1107 611 1307 690 imperatores
1330 628 1502 696 regnarunt.
1520 626 1568 689 En

69 699 234 762 Caesarum
247 743 255 774 ‚
267 697 318 775 qui
335 704 404 776 post
417 699 631 761 wenceslaum
645 702 795 780 imperita·
848 718 958 763 unum:
971 704 1095 765 Carolus
1116 704 1155 765 lV
1173 704 1436 784 imperavitannis
1451 713 1566 793 viginti.

68 797 159 866 runt,
176 793 204 852 ei
222 807 280 851 000
299 792 339 850 sit
355 790 536 868 dedignatus
551 791 731 874 adjungere,
752 795 794 854 si·
847 796 892 857 lta
909 797 1088 877 Frelheriana
1108 797 1198 859 editio
1216 807 1247 860 et
1264 802 1350 863 male.
1367 803 1487 884 Optime
1510 809 1569 870 Co-

67 890 121 946 cut
138 886 202 964 ipse
217 886 247 943 in
260 885 402 963 principio
418 885 555 964 Europae
568 893 791 958 suaetestatur.
846 883 905 949 dex
933 895 1037 951 noster
1067 907 1136 951 eum
1167 889 1346 971 imperasset
1372 894 1461 959 anuis
1482 897 1569 962 ultra

65 978 160 1040 Extat
176 980 268 1040 etiam
285 980 315 1037 in
331 979 412 1038 calce
426 980 558 1056 Operum
575 976 725 1043 Francisci
737 984 791 1043 Pe·
845 980 979 1061 triginta.

65 1071 217 1148 barchae,
238 1072 344 1133 Venet
367 1074 439 1134 4604
467 1073 514 1133 tol.
537 1079 569 1132 et
588 1075 735 1136 Basiteae:
756 1081 800 1137 04
883 1074 966 1136 ldem
980 1082 1028 1136 est
1042 1061 1398 1159 ¹Benvenntusdelmola,
1415 1082 1567 1163 cujnser-

65 1168 96 1227 40
114 1167 219 1228 limine
235 1167 309 1256 tomi
325 1166 449 1226 secundi
467 1167 646 1245 scriptorum
665 1167 788 1230 Germa·
841 1169 988 1246 positioin
1004 1169 1154 1231 Valerium
1168 1173 1243 1231 nan.
1258 1172 1490 1251 legiturinCod.
1505 1181 1564 1242 3844

65 1262 203 1321 nieorum
219 1258 388 1339 llarquardi
400 1259 535 1335 Vrebant,
547 1276 617 1322 cum
633 1262 790 1323 continua-
841 1261 933 1329 latino
948 1262 1085 1324 Biblioth.
1099 1264 1244 1343 Venetae,
1261 1282 1296 1326 ac
1323 1276 1426 1330 extare
1453 1275 1565 1351 pariter

65 1356 147 1415 tione
165 1354 292 1433 loannis
320 1355 471 1432 Baptistae
491 1355 609 1434 Egnatii
631 1371 729 1432 usque
749 1353 789 1416 ad
843 1355 873 1413 in
890 1352 962 1416 Cod.
980 1354 1117 1416 Bibliotb
1135 1357 1323 1420 cathedralis
1336 1362 1495 1427 Patavinae
1504 1371 1563 1428 etc.

66 1448 301 1509 Maximilianum
312 1449 334 1509 l.
348 1464 417 1507 narn
433 1449 463 1507 in
477 1449 591 1509 AEneae
607 1448 704 1527 Sylvii
720 1449 790 1509 Fre-
842 1448 1172 1514 notavit'l'bomssinus
1207 1452 1238 1509 in
1264 1449 1445 1516 descritione
1465 1455 1562 1535 ejusd.

64 1541 159 1602 herus
175 1547 267 1620 negat
282 1557 316 1600 se
330 1540 481 1602 incidisse.
507 1572 518 1592 ·
841 1542 915 1602 bibl.
932 1543 1068 1620 Denique
1085 1546 1283 1606 Benvenutns
1308 1549 1366 1608 iste
1386 1548 1511 1628 digessit
1532 1553 1563 1612 in

105 1634 123 1671 ³*
146 1634 234 1696 Liber
249 1636 417 1696 Benvenuti
438 1637 600 1716 inscriptus
615 1635 791 1715 Augustalis
842 1634 1025 1696 comoediam
1043 1638 1148 1697 Dentis
1164 1641 1394 1700 commentarius
1415 1644 1564 1721 amplissi·

64 1735 111 1791 cst
133 1727 214 1809 apud
231 1744 280 1788 me
298 1729 328 1786 40
344 1728 403 1789 448.
430 1729 537 1792 Codice
564 1731 594 1788 in
621 1728 710 1807 cujus
730 1728 789 1791 600
843 1745 909 1788 mos
922 1746 960 1788 ex
976 1730 1085 1807 quibus
1108 1736 1248 1808 excerpta
1265 1732 1405 1794 historica
1426 1735 1563 1814 vulgavit

64 1822 140 1884 baec
154 1823 299 1901 leguntur
309 1820 347 1881 de
356 1840 436 1884 aneo
446 1830 604 1902 certaque
616 1823 789 1886 abauthore
841 1823 1020 1883 liuratorius
1038 1826 1176 1902 antiquit.
1191 1823 1265 1884 lled.
1284 1827 1350 1885 aevi
1367 1828 1416 1887 tl
1433 1843 1461 1905 p.
1474 1829 1562 1891 44449.

63 1933 120 1978 suo
131 1916 293 1979 absolutus
304 1923 365 1976 est:
378 1914 629 1997 supiicitiibeilur
637 1915 789 1996 4000040-
883 1917 939 1996 (34
955 1915 984 1975 Ε
999 1913 1104 1977 0044044
1128 1915 1160 1976 in
1184 1915 1313 1977 14044000
1330 1917 1371 1978 da
1387 1917 1450 1981 Gis.
1466 1921 1561 1982 >Tam-

63 2009 102 2072 iis
118 2010 270 2072 contineas
294 2008 358 2092 sub·
378 2009 546 2091 compendii>
559 2011 788 2091 adscriptionem
842 2007 954 2070 barini.
967 2007 1062 2070 lmoia
1078 2009 1157 2072 4865
1173 2010 1232 2071 vol.
1251 2011 1268 2069 3
1285 2013 1313 2071 40
1331 2012 1378 2086 8.)

61 2103 196 2165 omniura
211 2103 422 2182 Augustorum
439 2105 568 2185 aprime
589 2107 721 2169 Caesare
736 2123 788 2168 us-
880 2104 1007 2165 BENTll
1019 2102 1174 2178 Chronica,
1189 2101 1325 2179 ejusdem
1343 2106 1372 2162 ni
1390 2103 1473 2165 lallor
1488 2122 1560 2168 oum

60 2197 176 2279 quoad
190 2196 342 2267 ultimum,
357 2197 415 2277 qui
434 2204 578 2273 artacest,
590 2217 638 2259 aa.
649 2202 685 2260 D.
698 2203 785 2263 4585.
839 2194 1026 2267 BENZOb'E,
1041 2194 1078 2256 de
1096 2213 1155 2273 quo
1173 2196 1257 2256 inira.

59 2293 106 2354 Ex
123 2291 230 2353 eodem
248 2290 320 2354 Cod.
338 2291 787 2355 collatorumeditionenovis-
825 2291 833 2306 '
879 2287 1123 2350 BENTlVENGA
1152 2287 1190 2348 de
1223 2289 1429 2367 Bentivcngis,
1451 2288 1555 2368 Aqua-

60 2389 138 2448 sima
154 2385 276 2446 Freheri
301 2402 319 2447 a
340 2385 461 2447 Struvio
475 2392 578 2446 curata
605 2388 785 2450 variationes
839 2388 1000 2459 spartanus
1016 2380 1140 2456 Umber,
1168 2379 1238 2441 Ord.
1266 2383 1367 2441 llinor.
1388 2381 1557 2462 Episcopus

60 2479 223 2542 nonnullas
233 2479 443 2554 animadverti,
455 2480 619 2558 etquidem
630 2496 688 2541 non
701 2498 784 2560 sper·
840 2472 1018 2535 Tudertinus
1034 2475 1072 2535 ab
1088 2473 1143 2535 dn.
1170 2475 1248 2537 4278
1262 2476 1430 2553 Episcopus
1448 2476 1556 2537 Cardi-

59 2573 185 2636 nendas.
215 2574 261 2634 En
293 2587 386 2636 unam
412 2573 590 2635 alteramve
609 2576 781 2652 speciminis
836 2566 915 2628 natis
930 2566 1109 2628 libanensis
1123 2585 1220 2645 usque
1235 2567 1273 2629 ad
1288 2569 1322 2629 A.
1341 2570 1417 2631 tuus
1445 2577 1477 2630 et
1502 2571 1557 2632 Pa
1627 2625 1630 2631 .

58 2668 250 2748 gratiallaec
261 2667 326 2744 lego
344 2669 372 2725 40
387 2667 517 2726 Frebero
531 2665 568 2726 de
583 2665 730 2726 Friderico
742 2669 777 2728 44.
833 2679 889 2740 pac
905 2660 1013 2721 Nicolal
1030 2661 1070 2720 lll
1091 2659 1183 2738 Major
1203 2663 1460 2724 Paenitentiarius.
1480 2664 1556 2724 Vide

60 2758 305 2839 1000000000
321 2756 650 2834 taeterrimorum
661 2757 779 2840 profuit
834 2752 990 2832 Ughellum
1004 2758 1075 2812 tom.
1094 2753 1105 2813 l
1127 2771 1193 2832 pag.
1213 2755 1298 2815 4353.
1311 2758 1501 2818 Ciacconium
1522 2759 1555 2816 in

55 2853 197 2936 00400440.
209 2852 322 2915 Codex:
334 2855 470 2932 Fugatus
490 2852 778 2935 stuprosuitpoten-
832 2846 1008 2908 Pontificum
1022 2846 1269 2909 etCardinelium
1281 2847 1358 2908 Vitis
1375 2857 1446 2910 tom.
1458 2851 1470 2911 l
1484 2868 1552 2928 pag.

58 2950 100 3009 tia
116 2946 259 3009 licceriui
281 2946 318 3007 da
336 2951 432 3025 440000
456 2950 603 3023 Romana,
624 2946 776 3026 Serpentis
833 2941 886 3001 764
906 2945 937 3000 04
955 2939 1157 3017 Waddingum
1173 2940 1370 3002 Bibliothecae
1382 2946 1552 3004 Francisca-

57 3039 173 3122 radidi,
189 3040 251 3103 sibi
264 3039 476 3121 confoederati.
498 3043 531 3102 ln
548 3041 703 3103 Vinceslao
721 3040 779 3102 6440
835 3051 940 3096 norum
955 3050 1019 3111 pag.
1035 3034 1082 3093 63.
1098 3034 1149 3108 004
1163 3031 1229 3109 ejus
1245 3035 1401 3095 Sermones
1410 3035 1446 3096 ad
1459 3052 1552 3114 popu-

59 3137 159 3199 Ceroli
186 3137 335 3197 Freherus
356 3136 446 3214 legit:
467 3151 559 3215 quam
587 3133 673 3195 aliud
692 3133 724 3194 in
753 3139 781 3196 te
834 3127 897 3189 lum
918 3125 1034 3200 habitos
1050 3132 1081 3185 et
1100 3123 1239 3187 Veritatis
1259 3125 1444 3206 Tbeaiopicae
1460 3129 1550 3192 Volu-

60 3247 251 3310 speramus‚
277 3228 360 3289 nullo
393 3244 494 3289 sensu.
519 3228 619 3290 Codex
652 3228 782 3288 meliuse
837 3225 1142 3284 mencommemorat.
1567 3210 1572 3218 '

58 3327 251 3403 erampuam
263 3319 336 3401 quid
352 3319 383 3381 iu
399 3326 425 3380 te
441 3336 607 3399 00000000.
622 3321 655 3379 40
672 3311 778 3380 eodem
870 3310 992 3373 BENZO
1007 3312 1174 3390 Episcopus
1190 3319 1258 3390 pest
1274 3310 1331 3373 An.
1350 3314 1421 3376 4064
1444 3311 1548 3391 Albae,

60 3417 171 3480 Codice
192 3416 258 3494 lego
283 3414 519 3475 additamentum
540 3411 689 3492 quoddam
710 3419 779 3491 post
831 3406 896 3465 sive
911 3402 1065 3481 albensis,
1082 3406 1133 3482 qui
1151 3422 1184 3465 se
1199 3402 1342 3484 fratrem,
1360 3407 1389 3467 h.
1404 3425 1430 3468 e.
1444 3425 1482 3469 ex
1494 3410 1550 3471 Or-

57 3513 207 3573 Neronem
221 3509 353 3586 positum
370 3509 400 3567 in
413 3506 490 3567 hane
507 3509 702 3567 sententiam:
719 3507 777 3568 Na
831 3497 900 3558 dine
925 3497 1180 3571 Praedicatorum,
1207 3505 1239 3558 ot
1263 3500 1401 3562 Caesaris
1426 3519 1552 3563 servum

58 3609 90 3664 40
112 3600 194 3684 quad
219 3600 271 3663 isti
290 3601 438 3663 Caesares
458 3599 652 3680 respuamus
672 3603 780 3662 Roma-
832 3596 929 3652 vocat.
947 3590 1243 3671 Quanquametipse
1260 3594 1388 3655 iniustus
1402 3594 1551 3656 Pontifici-

55 3713 124 3756 nnr,
155 3700 226 3756 nunt
249 3692 348 3754 Julius
376 3695 501 3756 Caesar,
518 3694 539 3755 2
555 3694 672 3755 caesar
693 3695 779 3755 onan.
831 3680 1008 3757 bustamen
1027 3701 1043 3744 e
1060 3681 1237 3746 BENNONE
1250 3685 1553 3750 llildebrandomasti-
1640 3675 1646 3687 ‘

56 3789 204 3852 0400005
218 3786 383 3849 Tiberinas
399 3788 431 3849 C,
440 3784 581 3866 'Caiipolu
599 3785 777 3848 selandiae
831 3793 877 3854 ge,
888 3776 1037 3851 diversus,
1048 3782 1083 3838 ut
1094 3781 1251 3839 ostensum
1265 3782 1356 3840 aviro
1367 3782 1550 3843 nobilissimo

55 3886 139 3946 Nero
157 3879 343 3942 maledicens,
359 3883 376 3940 5
392 3878 497 3941 Galba,
519 3879 613 3940 70ttn
634 3882 666 3954 8,
683 3880 704 3940 9
719 3878 780 3961 [nit
828 3872 873 3931 40.
889 3872 977 3931 Petro
994 3867 1134 3949 40440040
1150 3872 1180 3929 40
1197 3873 1287 3950 prael.
1305 3873 1342 3932 ad
1364 3879 1480 3935 4040040
1499 3892 1552 3934 no-

59 3975 196 4038 Vr’teiir'us
215 3976 253 4036 40
277 3974 484 4054 Vespasianus.
503 3973 537 4034 44
565 3973 655 4033 Titus.
669 3974 778 4037 ’42140-
831 3983 904 4025 num
921 3964 1116 4042 reliquiarum
1131 3965 1211 4025 MSS.
1229 3971 1260 4025 et
1276 3965 1471 4044 diplomatum
1488 3983 1552 4026 onr-

56 4068 216 4132 mitianus.
230 4068 267 4128 45
281 4067 436 4128 Nerusii
450 4065 607 4127 Traianus.
620 4067 657 4127 45
668 4065 777 4127 Adria-
832 4060 879 4118 nis
893 4059 974 4132 aevi,
992 4057 1106 4117 editum
1123 4059 1225 4118 Franc·
1245 4057 1337 4132 4734,
1354 4060 1381 4118 8·
1401 4061 1430 4120 iu
1447 4077 1506 4137 quo
1521 4077 1550 4138 p·
1580 4078 1584 4083 ·

55 4181 126 4225 nus.
142 4165 181 4224 46
192 4163 315 4223 Marcus
327 4160 548 4222 LiciniusNota
558 4159 637 4240 puod
650 4157 689 4219 ab
705 4158 778 4221 orbe
831 4150 969 4214 274-446
990 4152 1120 4229 primum
1138 4168 1171 4211 se
1186 4153 1371 4212 existimavit
1397 4154 1427 4213 in
1452 4153 1553 4228 lucem

55 4255 178 4319 cutdita
193 4253 336 4316 Romulus
351 4253 491 4331 00000044
499 4253 632 4334 primus,
647 4259 674 4314 04
687 4253 778 4331 impo-
830 4244 1002 4325 protrahere
1012 4248 1079 4321 ejus
1092 4246 1149 4306 Vll
1161 4244 1253 4306 libros
1261 4244 1552 4308 Commentariorum
1573 4283 1575 4286 <

57 4352 122 4413 suit
137 4365 243 4409 nomeu
261 4345 335 4408 urbi
353 4348 483 4409 bNuma
495 4346 667 4428 Pompilius.
677 4346 699 4408 5
711 4345 779 4406 Tat-
830 4339 866 4400 ds
882 4335 974 4399 rebus
987 4337 1113 4399 Hearici
1121 4340 1173 4399 111
1184 4342 1251 4419 (qui
1264 4341 1330 4400 aliis
1342 4341 1392 4415 444)
1407 4340 1485 4400 illius
1498 4341 1552 4417 qui

57 4445 120 4506 iius
133 4441 287 4505 Hostilius.
300 4443 320 4501 4
335 4438 436 4501 Ancus
452 4440 590 4501 Martius.
610 4443 629 4500 t
654 4441 779 4521 Tarqui-
831 4435 909 4495 Patri
916 4432 1042 4492 ilenrico
1053 4437 1200 4495 successit
1211 4431 1551 4512 0040000004044066.

57 4538 130 4599 aius
149 4534 281 4597 Priscus.
296 4534 317 4596 6
331 4532 602 4595 TulliurServiiius.
619 4532 638 4592 7
652 4532 778 4612 Tarqui·
832 4525 972 4587 Sadame
990 4524 1197 4605 Ludewigium
1212 4527 1333 4588 eosdem
1345 4527 1425 4605 prior
1434 4533 1465 4587 et
1476 4527 1553 4586 mul-

57 4632 128 4692 uius
156 4626 317 4708 superbus,
336 4627 367 4687 in
387 4644 474 4707 prum
485 4625 592 4708 defecit
609 4629 778 4687 00000440-
831 4621 870 4679 tis
887 4618 959 4679 locis
973 4618 1192 4681 emendatiores
1206 4621 1222 4656 *
1238 4620 1371 4681 ediderat
1380 4622 1462 4680 ioan.
1476 4623 1551 4681 Bur-

56 4742 147 4806 gum,
163 4721 218 4802 004
236 4719 384 4801 captibus
407 4719 468 4801 fuit
489 4725 615 4801 propter
639 4725 778 4800 stuprum
831 4710 961 4773 eirardus
993 4712 1185 4775 blanckenins
1217 4711 1415 4794 tpanapirue
1435 4716 1549 4776 tomol

60 4815 218 4880 Lucretiae
238 4814 427 4877 commissum
459 4833 479 4875 a
508 4813 568 4894 filia
598 4830 652 4874 sua
684 4816 778 4877 Scorto
831 4807 1011 4886 scriptorum
1031 4807 1277 4869 Germanicorum
1304 4825 1369 4888 pag.
1391 4806 1549 4871 968-4674

62 4909 234 4992 Tarquinio,
245 4907 348 4971 deiude
359 4898 456 4970 creati
467 4914 538 4970 sunt
550 4907 693 4983 consules,
705 4926 778 4988 0οο-

59 5022 132 5067 rum
145 5002 266 5084 primus
279 5001 343 5083 ‘fuit
356 5003 479 5067 ursus.
495 5002 598 5066 Elisos
613 5002 776 5065 ruendam
873 5020 962 5071 'Vide
978 5024 1039 5074 4040
1053 5021 1130 5075 Erud.
1149 5027 1197 5076 sn.
1213 5021 1277 5078 4444
1291 5024 1493 5090 0006444400.
1543 5038 1549 5049 “
