3464 5318
636 351 994 415 inaneis-cus
1495 358 1554 421 ω

66 470 122 529 4444
142 473 281 527 auctores
298 470 370 523 tom.
389 462 449 522 l'll.
478 479 543 540 pag.
571 460 631 520 480
652 477 780 538 quorum
833 461 965 524 444784
981 466 1013 521 44
1024 460 1113 522 desiit
1127 478 1175 522 44.
1191 462 1278 523 4745.
1294 466 1363 537 4445
1378 463 1468 525 Hodie
1483 480 1554 526 vero

66 560 167 620 verbis
183 558 264 619 bunc
280 555 440 617 elenchum
459 553 544 614 finire
565 554 672 634 placet.
836 555 872 616 ad
885 572 933 615 an.
947 557 1023 616 4500
1036 558 1254 632 prosecutionis
1271 559 1372 618 eximii
1391 561 1490 638 operis
1500 560 1555 621 bu·

88 678 101 707 4
117 654 139 713 ll
152 655 182 712 Ρ.
200 647 324 710 44444444
337 645 496 710 ueterano
508 644 543 706 di
556 648 669 719 Macro,
684 644 782 706 de’llli-
836 648 1067 710 iusllom.l79l
1092 648 1165 710 nnc.
1180 655 1211 710 et
1222 651 1312 729 Neap.
1328 652 1553 715 4448144474.
1597 689 1600 697 ,

66 749 129 806 nori
151 744 327 804 Osserventi
355 741 508 801 liiiormati
531 743 577 818 gia
606 743 725 801 bettore
750 738 780 797 di
835 743 890 802 tria
903 741 1224 820 bucusquevolumina
1240 742 1556 821 prodieruntll’raeter

65 840 220 918 Teologia,
245 834 449 910 provinciale,
466 852 484 895 e
500 837 639 896 Cronisla
655 833 702 894 del
725 849 780 894 suo
836 833 909 893 baec
926 835 957 892 F.
975 834 1150 894 Dominicus
1165 833 1202 893 de
1219 833 1402 895 Gubernatis
1421 836 1554 914 484444

63 933 195 1006 Ordine,
214 931 289 992 ebbe
302 930 513 990 commissione
538 927 587 988 dol
612 943 668 988 suo
684 928 802 988 Geue·
834 927 1133 988 telloemisitllomae
1144 927 1254 989 Orbem
1267 928 1555 1005 Seraphicum,idest

64 1028 126 1088 rale
142 1026 172 1085 di
189 1026 343 1103 supplice,
360 1041 378 1083 4
399 1024 576 1083 continuere
603 1022 642 1100 gli
669 1019 784 1082 Annali
836 1020 990 1080 historiam
1005 1020 1043 1080 04
1062 1021 1159 1081 tribus
1172 1020 1328 1082 ordinibus
1342 1022 1372 1082 S.
1384 1024 1553 1100 Francisci,

63 1120 141 1180 della
159 1136 213 1183 sua
230 1117 382 1194 Religione
403 1118 450 1196 gil
476 1117 627 1195 compilati
659 1118 687 1175 io
717 1122 780 1176 otto
835 1114 933 1192 deque
963 1131 1068 1176 eorum
1102 1116 1312 1193 progressibus
1342 1133 1395 1194 per
1425 1124 1553 1195 quatuor

63 1215 176 1275 volumi
193 1216 223 1272 iu
246 1211 332 1289 ioglio
355 1209 403 1270 dal
421 1209 538 1270 celebre
558 1212 637 1270 buce
654 1209 781 1269 Wadin·
833 1207 933 1267 Mundi
950 1214 1065 1286 partes,
1083 1208 1173 1286 idque
1202 1211 1301 1289 operis
1325 1210 1433 1272 excudi
1453 1215 1551 1290 coepti

61 1323 107 1386 go.
128 1310 166 1367 44
183 1311 278 1365 44444
291 1300 401 1382 impedi
415 1308 552 1381 equesto
563 1301 657 1364 Padre
673 1301 704 1362 di
721 1309 781 1363 ter·
836 1319 886 1362 44.
899 1303 977 1363 4684
995 1308 1026 1362 44
1042 1303 1169 1364 absoluti
1186 1320 1234 1362 an.
1254 1305 1330 1364 4680
1348 1303 1553 1365 voluminibus

61 1402 228 1472 minere,e
258 1396 287 1457 di
315 1414 403 1475 44444
431 1399 460 1456 44
488 1398 555 1458 4444
583 1399 682 1475 questi
714 1399 780 1458 suoi
833 1396 968 1475 pluribus
984 1396 1151 1457 coniicitur.

60 1493 286 1576 supplementi,
304 1493 433 1571 cbeegli
450 1508 584 1571 pensare
604 1492 722 1553 didere
750 1495 779 1550 iu
875 1491 904 1548 B.
936 1489 1060 1550 44444444
1092 1489 1227 1569 Angelus
1257 1493 1379 1571 ,Neapoli
1413 1493 1552 1571 vulgavit
1673 1518 1676 1535 .

60 1589 144 1649 molti
159 1587 282 1661 volumi3
297 1603 315 1645 4
330 1585 566 1664 probabilmsute
582 1586 589 1643 i
606 1586 670 1646 suoi
683 1584 779 1644 scritti
836 1582 1064 1662 Clrronolopiom
1080 1582 1222 1645 historico
1241 1584 1364 1664 legalem
1380 1585 1444 1647 ord.
1459 1586 1553 1650 44444

61 1681 227 1742 sarebbono
244 1679 378 1739 audatia
395 1678 492 1753 male,
507 1694 541 1738 se
560 1679 578 1737 il
594 1680 624 1737 Ρ.
640 1674 781 1736 domole-
834 1696 905 1738 rem
918 1675 958 1736 ab
975 1676 1103 1738 4444044
1124 1694 1220 1758 usqae
1236 1677 1278 1737 ad
1294 1697 1343 1739 44.
1366 1681 1462 1753 4688,
1481 1687 1503 1740 4.
1525 1684 1553 1742 4.

60 1773 163 1836 Horra
187 1773 220 1834 di
243 1773 358 1847 Terre,
385 1771 533 1845 d'Aosto,
560 1771 705 1850 llcligieso
732 1770 779 1830 del
835 1774 863 1832 in
883 1772 929 1832 iol.
948 1773 1068 1849 Neapoli
1089 1773 1176 1833 4050.
1192 1772 1300 1833 Eidem
1322 1773 1483 1834 subiuncta
1503 1780 1552 1834 est

60 1866 423 1941 medesimoOrdine,el
439 1866 527 1943 quale
555 1865 574 1924 li
600 1865 636 1925 40
669 1863 781 1941 lleggio
833 1867 1019 1926 continuatio
1042 1882 1138 1943 usque
1154 1865 1193 1925 ad
1209 1883 1258 1926 an.
1278 1865 1365 1928 4748.
1384 1884 1437 1946 444
1455 1869 1485 1927 B.
1501 1869 1554 1930 lu·
1641 1920 1644 1927 .

60 1961 221 2023 dell'enoo
236 1959 315 2022 4705
332 1961 364 2020 44
383 1974 554 2020 commessa
580 1956 629 2017 044
656 1958 687 2016 Ρ.
705 1955 781 2016 4404-
834 1960 907 2019 lium
923 1958 961 2018 de
979 1959 1113 2019 Venetiis
1130 1965 1151 2017 t.
1170 1961 1198 2020 4.
1220 1958 1267 2018 444.
1290 1960 1395 2019 444444.
1420 1959 1509 2020 4748.

61 2056 147 2115 boso
164 2054 200 2126 04Ι
210 2055 330 2114 4444444
348 2069 403 2113 suo
420 2052 567 2112 04444444
578 2051 606 2110 44
618 2055 715 2110 stesso
732 2064 781 2109 ca-
872 2053 1020 2112 Rainerus
1050 2052 1229 2113 Franciscus
1258 2054 1383 2112 illarczic
1415 2052 1495 2113 idest
1521 2055 1552 2114 F.

61 2147 121 2207 rice
137 2146 168 2206 04
187 2147 336 2218 04444444,
353 2162 413 2204 non
432 2145 458 2203 si
475 2142 690 2220 lossepresala
708 2158 780 2201 cura
833 2147 1027 2205 innocentius
1059 2161 1077 2205 4
1111 2144 1343 2218 Cesabasciaea,
1364 2146 1443 2223 qued
1471 2149 1554 2228 oppi-

61 2240 93 2301 di
111 2240 312 2319 rocroglierne
329 2239 357 2299 44
385 2239 528 2298 memorie
554 2237 780 2297 coniusamente
832 2238 906 2300 dum
923 2244 971 2299 est
989 2240 1018 2297 in
1038 2241 1167 2299 bucensi
1184 2239 1317 2315 ditione,
1338 2243 1421 2319 typis
1437 2244 1553 2303 Lucen-

59 2334 206 2413 disperse,
224 2333 242 2392 il
260 2332 316 2392 che
336 2330 518 2392 ledelmente
532 2331 589 2409 egli
608 2331 671 2390 lece
688 2329 718 2387 iu
738 2344 777 2388 un
832 2331 916 2391 sibus
947 2333 1072 2410 protulit
1093 2332 1221 2407 librum,
1242 2335 1290 2392 cui
1317 2335 1450 2395 titulus:
1472 2334 1551 2416 Apo·

59 2443 165 2509 grosso
179 2427 300 2486 volume
317 2426 347 2484 in
370 2425 456 2502 loglio
472 2424 501 2483 di
515 2441 599 2502 pagg.
612 2424 670 2484 523
687 2437 780 2482 senza
833 2422 911 2501 lapsis
928 2422 1069 2485 (44470444.
1085 2424 1122 2485 (44
1136 2424 1227 2485 Bruti
1241 2425 1355 2486 Minori
1369 2426 1401 2486 ia
1419 2427 1553 2506 risposta

60 2525 89 2584 44
103 2521 284 2601 pressiori,
302 2537 318 2577 4
333 2521 360 2579 44
382 2519 503 2591 tavola,
522 2519 541 2577 il
558 2517 647 2595 quale
669 2517 695 2575 si
726 2513 778 2575 linl
831 2516 864 2577 44
891 2517 967 2578 libro
995 2521 1073 2580 iniit
1101 2519 1230 2597 44444444·
1252 2520 1387 2582 84444444
1416 2520 1457 2581 da
1477 2520 1554 2582 ami

61 2616 90 2676 di
109 2622 261 2693 stampere
276 2613 325 2673 nel
347 2612 471 2672 dccorso
492 2627 571 2672 anno
591 2626 649 2670 con
670 2615 778 2687 questo
832 2611 923 2672 lrbrsi
939 2611 1005 2672 allo
1022 2615 1053 2675 8.
1071 2612 1314 2693 Conprepasiooe
1330 2614 1374 2675 de'
1388 2615 1463 2690 liiii,
1480 2614 1553 2676 colle

60 2710 165 2770 titolo:
192 2705 356 2767 Annalium
375 2705 408 2766 0.
433 2706 472 2766 Μ.
508 2701 719 2783 84444444444
739 2697 779 2761 40
831 2702 917 2784 puali
937 2705 1113 2766 dimoslrari
1128 2705 1197 2766 letti
1210 2706 1221 2766 i
1235 2709 1289 2769 88.
1305 2725 1320 2767 4
1334 2708 1422 2769 Beati
1435 2708 1554 2788 (44444-

60 2800 180 2863 4044οά.
214 2804 249 2863 44.
273 2801 306 2860 Ρ.
324 2799 378 2859 Fr.
404 2797 536 2859 Antonio
560 2798 720 2858 bleliseeno
741 2794 779 2855 de
832 2797 947 2859 midae
963 2797 1055 2860 secoli
1075 2800 1285 2860 Francescum
1306 2806 1506 2882 appartenere
1524 2801 1554 2861 a'

60 2900 178 2972 444444,
199 2893 278 2954 ΟΜ.
295 2892 425 2953 Strictae
442 2889 568 2953 004444.
585 2888 715 2971 44444444.
733 2906 777 2949 44.
833 2890 891 2952 soli
901 2891 999 2971 padri
1015 2891 1222 2955 conventuali.
1240 2897 1337 2956 Lucae
1365 2901 1387 2955 4.
1408 2896 1448 2956 444
1471 2895 1502 2956 44
1526 2897 1553 2956 4.

59 2987 101 3049 ab
117 3006 168 3048 44.
189 2989 266 3048 tate
283 3003 380 3065 usque
397 2985 439 3046 ad
453 3003 567 3045 aonam
584 2986 661 3047 4500
693 2982 780 3043 colle·
836 3002 885 3045 an.
909 2985 997 3046 4748.
1019 2987 1105 3064 Opus
1127 2988 1207 3048 istud
1230 2990 1372 3066 quamvis
1402 3006 1419 3049 e
1446 2991 1478 3049 F.
1505 2976 1554 3049 lnss

59 3088 119 3143 cla.
140 3079 289 3141 44444444
303 3077 383 3139 edita
395 3096 454 3158 per
470 3080 506 3138 F.
532 3079 697 3138 Antonium
719 3079 778 3136 444·
833 3080 970 3138 nocentia
992 3079 1033 3138 de
1054 3097 1114 3157 quo
1137 3098 1218 3152 mox,
1238 3082 1411 3141 coniectum
1428 3089 1486 3158 est,
1503 3082 1555 3143 04

59 3180 135 3238 riam
151 3174 190 3239 de
207 3169 464 3250 Torre,abdup.
486 3169 665 3238 Praetorio,
685 3185 729 3250 ec.
748 3168 779 3229 Si
832 3173 978 3250 scriptum
996 3179 1097 3232 tamen
1128 3173 1209 3250 stylo
1225 3180 1257 3233 et
1272 3175 1552 3235 44444480444444

58 3286 166 3350 spera,
187 3267 244 3327 cbe
261 3272 369 3343 questo
388 3265 481 3326 Pedre
503 3267 530 3324 ci
547 3264 620 3324 0444
638 3281 678 3324 un
703 3263 779 3340 gior·
831 3266 987 3326 aDecimo
1009 3268 1170 3339 Lucensis,
1185 3268 1236 3345 qui
1252 3268 1309 3327 snb
1332 3269 1452 3329 nomine
1466 3267 1552 3328 War-

63 3381 105 3425 44
132 3363 159 3423 44
186 3362 415 3422 continuazione
436 3357 648 3419 de’medesimi
669 3355 778 3417 Annali
832 3358 1044 3437 renatemburg
1060 3358 1249 3420 delitescit*

59 3456 128 3519 doll’
140 3472 218 3515 anno
235 3452 312 3514 4500
331 3455 396 3512 sine
410 3450 540 3512 e'nostri
555 3451 658 3529 tempi.
682 3469 696 3506 4
873 3450 1110 3513 444οΝ048008
1128 3450 1305 3527 (44400444,
1323 3455 1388 3513 sive
1403 3461 1438 3515 ut
1459 3454 1552 3516 Wad·
1575 3524 1579 3529 ,

832 3543 922 3621 dingo
940 3561 1006 3622 pag.
1027 3546 1079 3606 444
1102 3543 1139 3604 de
1155 3543 1341 3621 4504444444,
1366 3547 1551 3608 decivitate

832 3635 955 3697 Astensi
968 3636 1109 3711 ,Ordinis
1126 3639 1284 3700 Minorem.
1301 3640 1399 3719 Hujus
1415 3641 1552 3702 Postillas

833 3746 924 3809 super
941 3731 1107 3808 Evangelia
1124 3733 1317 3794 Dominicelia
1335 3736 1509 3795 totiusauui
1520 3742 1552 3795 et

101 3832 291 3908 Quamquam
328 3829 430 3906 plures
461 3832 534 3886 sunt
562 3827 612 3903 qui
644 3825 778 3901 catalogo
833 3825 994 3886 Sermones
1008 3825 1289 3903 Quadrugesimales
1306 3835 1452 3888 memoret
1477 3829 1551 3889 San-

60 3928 242 4005 scriptorum
260 3923 297 3983 de
315 3924 406 3983 rebus
421 3919 629 3981 Franciscanis
646 3935 662 3978 a
680 3917 779 3978 Fabri·
815 3917 924 3996 ,dorus
942 3921 971 3977 in
988 3918 1169 3980 Bibliotheca
1185 3921 1302 3999 Belgica
1319 3923 1378 3982 MS.
1396 3939 1462 4002 pag.
1481 3924 1551 3984 480.

58 4023 107 4081 cio
132 4019 269 4079 coniecto
285 4016 406 4095 adiungi
432 4014 601 4075 rectissime
629 4017 777 4090 possuut3
872 4011 1107 4074 4444Νο48008
1123 4013 1160 4073 (44
1179 4012 1309 4075 Aecoltis
1330 4015 1483 4092 Aretinus,
1499 4019 1552 4078 lu·

59 4113 160 4175 adbuc
176 4128 231 4188 ego
247 4117 348 4170 tamen
370 4125 408 4169 ne
425 4110 533 4186 longus
547 4108 604 4167 sira
620 4107 778 4185 plerosque
833 4106 1032 4167 risconsultus
1043 4109 1122 4167 circa
1135 4105 1190 4167 44.
1200 4110 1279 4170 4300
1293 4125 1385 4188 supra
1400 4118 1421 4169 t.
1435 4112 1463 4172 l.
1478 4128 1507 4189 p.
1524 4112 1550 4171 4.

59 4204 245 4268 omittendos
261 4205 366 4264 censui
384 4219 478 4264 unum
497 4201 617 4261 tautum
634 4200 683 4261 vel
705 4199 779 4260 4444-
872 4200 1303 4277 484Νο48008444444444,
1319 4203 1392 4264 44404
1412 4202 1568 4268 leuba.

60 4317 130 4361 rum
147 4298 300 4360 addixisse
317 4299 392 4357 satis
409 4296 532 4356 babens.
551 4293 685 4354 Annales
701 4293 779 4353 ordi·
833 4295 930 4356 84448.

61 4394 302 4455 nisilinoruma
320 4393 397 4451 Luca
415 4387 563 4465 wadingo
578 4387 709 4447 coniecti
727 4387 778 4446 ho·
872 4386 1107 4449 FBANCISGUS
1125 4387 1313 4465 Accersias,
1332 4393 1483 4454 Francisci
1500 4411 1552 4455 su·
1627 4468 1628 4474 ἵ

59 4487 109 4548 die
127 4490 290 4547 creverunt
302 4483 338 4544 ad
358 4491 381 4544 t.
396 4484 479 4544 xlx.
496 4498 573 4560 quae
588 4481 776 4541 voluminum
833 4484 958 4561 perieris
976 4482 1077 4556 iilius,
1093 4482 1130 4544 04
1148 4501 1208 4562 quo
1230 4490 1264 4545 ut
1281 4485 1318 4545 de
1336 4485 1473 4548 Cercetio
1493 4488 1552 4549 ira·

60 4580 228 4659 complexio
255 4581 390 4640 continet
407 4584 524 4658 praeter
545 4576 610 4635 lllll
638 4579 739 4634 tomos
760 4591 777 4634 4
833 4575 956 4636 4440444
975 4584 1046 4635 444.
1067 4579 1094 4637 4.
1116 4595 1184 4655 pag.
1203 4581 1231 4638 5.

60 4673 210 4752 Wadingo
244 4673 382 4750 vulgatos
413 4673 582 4748 iterumque
616 4681 744 4728 recusos
770 4711 777 4742 ,
872 4669 1106 4731 rnanutsctts
1148 4668 1185 4729 de
1206 4668 1403 4750 4444444444,
1430 4675 1552 4736 Cremo
1615 4658 1617 4663 ¹

62 4783 173 4828 novem
191 4766 264 4826 alios
281 4765 398 4826 additos
413 4782 432 4826 4
450 4767 481 4825 F.
498 4766 612 4824 loenoe
628 4765 708 4823 Luca
721 4761 777 4820 Vc·
832 4765 958 4837 nensis,
982 4761 1103 4823 Ordinis
1129 4765 1297 4837 binorum,
1315 4767 1483 4847 Episcopus
1511 4768 1550 4830 eb

60 4866 132 4921 neto
148 4863 280 4938 primurn
297 4861 346 4919 cui
374 4861 529 4939 suppetias
560 4860 590 4917 in
614 4856 777 4934 postremis
834 4857 889 4918 444.
908 4857 985 4918 4408
1012 4859 1222 4935 bergomensis
1235 4905 1244 4932 ,
1257 4860 1387 4920 Concilio
1400 4862 1550 4923 0044444·

58 4957 172 5030 tomis,
193 4955 263 5015 tulit
279 4954 390 5031 losepb
407 4955 497 5015 444444
513 4952 551 5013 04
570 4953 703 5013 Ancona.
722 4951 779 5010 Be-
833 4952 923 5011 tiensi
940 4950 997 5011 An.
1014 4951 1093 5011 4444
1108 4953 1255 5028 interluit,
1270 4953 1401 5033 obiitque
1412 4957 1552 5032 Bergomi

59 5053 134 5114 sinit
144 5048 278 5110 collectio
289 5048 348 5108 ista
361 5048 390 5107 iu
403 5065 452 5108 44.
469 5049 556 5108 4864.
570 5046 677 5124 Coepit
687 5041 779 5105 editio
833 5042 889 5106 Aa.
909 5043 999 5106 4487.
1015 5042 1094 5123 E'prs
1113 5045 1280 5107 orationes
1294 5046 1473 5120 44444444
1485 5044 1579 5098 844-

61 3667 62 3670 ,
81 3606 97 3639 “
109 3603 277 3683 Scriptores
289 3597 509 3661 adHislorr'am
520 3595 758 3658 Franciscanam

338 3693 497 3776 [44444444.
