3458 5332
588 360 1053 429 nnaouanoruus
1378 399 1381 405 -
1504 369 1564 434 aar

146 464 261 528 amodo
275 468 501 550 contingentiae
513 471 787 551 -intrinseous,qon
842 478 909 535 ctos
928 479 1070 554 respectu
1096 470 1265 552 aliquorum
1289 474 1318 535 in
1345 481 1494 556 potestate
1515 477 1568 537 ho·

146 578 190 640 {uo
204 564 291 643 prius
307 564 364 626 iuit
388 566 588 645 contingens,
602 580 659 627 nen
682 567 786 647 incipit
841 569 933 629 minis
940 570 1116 649 positorum,
1123 573 1154 629 et
1164 568 1334 647 aliquorum
1345 572 1566 651 contingenter,

146 659 310 719 necessaria
327 659 427 738 aliqua
444 660 627 721 necessitate
647 661 784 741 opposita
838 667 871 723 et
895 678 955 724 non
975 662 1113 725 absolute
1135 663 1305 724 necessario
1327 664 1511 741 lutumrum3
1532 672 1565 727 et

146 757 197 812 ctu
218 753 363 831 ipsorum.
837 754 918 835 quod
939 754 1124 837 impossibiie
1145 757 1202 817 luit
1217 756 1379 818 Cllristum
1395 757 1564 820 secundum

158 842 251 918 Quod
262 846 389 907 scientia
403 845 469 908 DEI
486 862 607 927 semper
619 853 669 909 est
684 864 780 928 aeque
836 854 977 911 naturam
987 844 1076 913 suain
1088 849 1252 912 humanam
1264 852 1398 925 unitam,
1412 857 1444 911 et
1454 854 1563 930 inprc

150 942 231 1016 ,seu
247 954 344 1018 aeque
358 942 529 1003 necessaria
546 943 708 1005 intrinsece
732 959 781 1005 re·
820 943 899 1019 ¹prio
911 958 1022 1021 genere
1033 942 1131 1023 decipi
1148 945 1179 1003 in
1195 943 1361 1020 credendo,
1383 949 1437 1007 aut
1460 962 1562 1008 errare

146 1050 160 1095 1
179 1032 394 1114 cujuscunque
418 1037 466 1096 sui
498 1035 626 1114 objecti·
647 1043 679 1098 et
698 1036 779 1116 quod
833 1025 975 1111 rolando,
986 1036 1561 1118 velievidelicetiieriquodnunpuam

146 1132 227 1188 totus
242 1126 368 1189 divinus
394 1142 450 1190 seu
469 1128 572 1190 DEUS
586 1130 780 1192 aeternaliter
833 1126 938 1205 lieret,
954 1137 1009 1193 aut
1022 1138 1226 1212 repugnanter
1241 1133 1308 1193 sive
1321 1130 1498 1194 difformiter
1508 1148 1562 1193 vn-

146 1225 211 1281 rnet
226 1221 412 1283 intrinsecus
425 1220 600 1299 plenissime
611 1218 778 1302 uotiormrs
832 1222 942 1285 luntati
958 1224 1098 1297 divinae,
1119 1224 1247 1301 velie,
1239 1242 1375 1304 inquam,
1402 1226 1561 1289 volontate

146 1330 174 1375 rr
165 1306 332 1375 videlicet
343 1302 439 1392 aeque
452 1315 541 1393 liber,
552 1322 606 1377 aut
620 1332 717 1397 aeque
730 1334 781 1380 ne-
833 1317 983 1396 rationall,
993 1335 1053 1379 non
1064 1319 1200 1398 appetitu
1216 1319 1386 1381 sensuali
1362 1334 1428 1379 sive
1437 1319 1560 1381 carnali.

146 1408 205 1471 ius
220 1414 363 1491 respectu
382 1407 544 1495 cujuslibet
560 1411 714 1473 intrinseci
734 1428 784 1474 nc-
874 1406 924 1471 32.
938 1409 1025 1483 Quod
1038 1410 1213 1490 Prophetiae
1226 1410 1265 1472 de
1278 1412 1404 1472 Cllristo
1420 1415 1491 1473 ante
1507 1410 1561 1475 ad·

146 1502 198 1564 ul.
679 1514 682 1519 ·
835 1503 1040 1582 impletionem
1057 1520 1163 1565 earum
1178 1510 1266 1566 erant
1281 1520 1452 1565 necessario
1464 1504 1562 1566 adun-

158 1594 249 1668 Quod
270 1588 414 1675 quicquid
436 1598 580 1660 Cllristus
606 1600 778 1664 secundani
834 1590 974 1676 pienda'e‚
984 1604 1017 1659 et
1029 1593 1111 1676 quod
1124 1598 1224 1659 medio
1233 1599 1560 1677 temporeintermun-

146 1688 482 1768 totum,·'voluotatem‚
499 1696 530 1753 et
547 1692 681 1773 linguam
703 1710 776 1757 suos
832 1689 984 1751 dationem
996 1692 1326 1755 seusanctillcationem
1336 1692 1560 1755 beetueidarias

146 1798 202 1843 noe
218 1784 250 1842 iu
267 1784 385 1863 proprio
398 1800 527 1864 genere,
543 1802 598 1867 per
619 1793 707 1849 actus
723 1806 777 1850 na·
832 1790 864 1846 et
875 1790 1050 1871 senatorum
1065 1788 1187 1848 Petrum
1196 1788 1317 1848 Veteris
1328 1788 1515 1848 Testamenti
1526 1788 1560 1847 in

146 1875 331 1937 shumauns
346 1876 490 1939 distincte
509 1880 614 1958 scivit,
629 1880 775 1967 credidit,
831 1878 890 1941 ilde
907 1878 1024 1942 Cllristi
1039 1878 1249 1961 Redemptoris
1266 1880 1373 1955 ιιιιιιιί,
1395 1880 1559 1940 transitum

155 1972 336 2043 mirarere
352 1971 778 2051 asseruitet·juravit‚neces-
830 1989 951 2052 quoque
976 1979 1007 2033 et
1032 1972 1231 2033 salvationem
1246 1972 1412 2034 eorundem
1433 1975 1557 2034 Petrum
1626 2002 1629 2007 ·

146 2066 224 2126 uita
234 2064 777 2146 iecisse3m)etquicquidedquem-
831 2073 863 2127 et
873 2067 1168 2146 passionemCliristi
1180 2066 1237 2127 tuit
1248 2069 1463 2143 necessarium,
1475 2068 1558 2144 ipsos

146 2175 170 2221 re
186 2159 374 2220 intellectum
390 2162 498 2238 scivit,
514 2160 656 2234 credidit,
671 2160 779 2242 voluit,
831 2160 925 2221 tuisse
942 2160 1117 2238 mundatos,
1134 2160 1349 2234 sanctificatos,
1371 2166 1404 2220 et
1423 2161 1559 2221 salvatos
1586 2192 1589 2197 ,

145 2254 192 2331 ιιι,
208 2252 402 2331 aut-juravit,
425 2269 551 2314 necesse
577 2259 627 2316 est
643 2251 718 2317 eum
737 2256 777 2319 ad
830 2251 1558 2333 periidemCllristiRedemptorishaturi,etquod

148 2356 180 2409 ni
198 2347 386 2433 intellectum
403 2349 445 2409 ita
458 2348 577 2409 iecisse.
763 2382 767 2388 ,
830 2362 890 2408 non
912 2347 970 2410 tuit
989 2341 1131 2428 possibile
1158 2348 1239 2427 ipsos
1256 2348 1350 2408 luisse
1371 2345 1556 2423 mundatos,

153 2438 242 2514 Quod
257 2442 283 2501 si
296 2442 442 2504 Cllristus
453 2442 623 2505 secundum
634 2450 775 2507 naturum
830 2440 1093 2523 sanctificatumpt
1105 2434 1240 2503 salvatos
1256 2458 1311 2521 per
1327 2440 1418 2503 iidem
1435 2439 1557 2520 soum,

153 2535 318 2597 humanam
333 2553 387 2617 per
403 2542 491 2597 actus
503 2539 777 2602 naturaleshuma-
831 2534 958 2611 lalsam,·
973 2551 1149 2611 erroneam,
1166 2541 1199 2598 ει
1211 2534 1399 2596 mendacem.

147 2631 260 2691 stincte
274 2630 779 2708 scivit,credidit‚voluit,etasse-
870 2618 1557 2709 35οιοιριοριιειιιοειριοιιιιιιίοιιειιιιιιι

146 2728 177 2785 nt
189 2721 306 2812 juravit
314 2723 352 2784 de
366 2725 465 2803 aliquo
478 2725 579 2786 tuturo
591 2728 777 2808 contingenti
830 2724 871 2783 sti
897 2729 969 2785 ante
997 2721 1241 2802 adimpletionem
1262 2720 1400 2802 ipsarum
1416 2727 1504 2784 erant
1523 2728 1557 2782 et

152 2816 211 2879 hoc
226 2818 297 2892 erit,
315 2818 365 2878 illo
381 2817 481 2880 adhuc
495 2826 651 2880 manente
675 2818 778 2882 futuro
830 2819 892 2877 sint
906 2818 1077 2879 necessario
1094 2814 1312 2896 adimplendae.

146 2912 250 2991 genti·
269 2913 475 2973 necessarium
492 2919 541 2973 est
556 2914 717 2976 Cllristum
735 2916 777 2975 ita
833 2952 835 2957 -
871 2911 919 2972 el.
941 2910 1026 2986 Quod
1044 2927 1105 2971 non
1121 2926 1228 2972 omnes
1245 2910 1418 2990 prophetiae
1439 2909 1557 2989 praedi-

146 3022 167 3083 ι,
181 3010 214 3066 ει
228 3007 269 3066 ita
283 3008 489 3068 necessarium
506 3013 595 3084 tunc,
613 3010 692 3069 sicut
704 3010 772 3083 erit,
828 3011 895 3067 ctae
911 3004 950 3065 de
964 3006 1101 3073 Cllristo
1120 3021 1176 3065 nee
1192 3020 1299 3064 omnes
1310 3003 1484 3082 prophetiae
1500 3010 1555 3065 aut

146 3098 256 3189 oiilud
272 3101 330 3160 erit
341 3102 527 3180 praesensio
538 3103 774 3180 praeteritumve
826 3098 1040 3177 promissiones
1056 3098 1172 3160 Cliristi
1189 3095 1227 3157 de
1244 3097 1354 3157 tuturis
1367 3102 1456 3158 eraut
1469 3114 1555 3157 men-

146 3196 273 3255 nissum.
827 3191 945 3265 taliter,
965 3191 1074 3267 tacite,
1099 3189 1328 3250 conditionales:
1355 3188 1409 3250 sed
1439 3178 1553 3250 multae

146 3288 229 3361 Quod
248 3304 404 3369 nunquam
422 3290 478 3352 init
495 3294 552 3351 nec
568 3290 641 3351 est
633 3306 663 3350 m
679 3290 775 3351 homi·
828 3284 1000 3346 mentaliter
1016 3282 1193 3362 simpliciter
1208 3281 1372 3371 ahsolutae.

147 3388 260 3445 testate
275 3383 419 3467 decipere
431 3384 590 3449 Christum
602 3384 772 3446 secundum
867 3379 914 3440 35
926 3375 1011 3450 Quod
1031 3390 1157 3436 necesse
1173 3381 1222 3437 est
1237 3375 1404 3436 Ecclesiam
1417 3381 1556 3436 sanctam

146 3494 186 3540 ιιιι
199 3477 363 3540 humanam
377 3484 565 3553 assumtam,
583 3479 694 3539 unione
709 3495 774 3539 ma·
828 3471 946 3533 Cllristi
961 3486 1060 3550 usque
1077 3470 1106 3529 in
1125 3469 1217 3531 linem
1235 3469 1340 3531 mundi
1361 3485 1557 3549 perseverare

146 3572 293 3647 ,iecere
286 3589 385 3651 ipsum
406 3571 529 3634 credere
544 3572 668 3650 falsum,
689 3590 774 3634 men-
828 3564 957 3629 fidelem·

146 3666 192 3728 lte
209 3669 358 3741 inaniter,
374 3673 427 3728 aut
444 3674 647 3747 repugnanter
667 3667 776 3729 volun·
868 3657 1557 3738 36451111ὓῦ1]θῆΡθῦὓῑΝῘθΕὒθῙθθῑθΜθῦ·

148 3761 250 3847 uiuae,
268 3777 367 3839 neque
382 3778 515 3839 uuquam
534 3761 590 3821 luit
606 3767 659 3822 aut
674 3768 725 3822 aar
741 3765 771 3821 in
828 3758 908 3813 ctam
925 3752 1041 3815 Cllristi
1067 3771 1107 3814 ex
1134 3753 1271 3816 doctrina
1289 3752 1408 3815 Cllristi
1435 3768 1557 3832 semper

146 3854 179 3914 ris
193 3860 345 3932 potestate
362 3855 459 3916 iacere
475 3853 588 3933 aliquid
605 3853 687 3916 undo
703 3872 773 3917 cnm
828 3853 882 3908 aut
897 3863 1033 3926 unquam
1047 3846 1264 3909 directeiuisse
1274 3845 1451 3925 deceptam'
1444 3863 1474 3905 ιιι
1485 3845 1558 3906 sub-

146 3946 228 4009 sdam
255 3950 337 4008 reris
362 3947 429 4009 aliis
454 3949 593 4026 sequitur
609 3933 772 4010 Cllrist'um
829 3940 1022 4002 stantialibus
1038 3940 1174 4002 articulis
1190 3939 1258 4000 iidei
1276 3939 1484 4013 Christianae,
1503 3943 1559 3998 aut

146 4040 363 4105 damnaturum
373 4058 462 4103 suam
473 4040 637 4103 humanam
647 4044 774 4121 unitam
829 4050 954 4097 erronee
970 4019 1136 4095 credidisse
1157 4033 1408 4094 resurrectionem
1426 4037 1558 4092 mortuo
1584 4105 1586 4110 Ι

158 4143 213 4197 aut
222 4152 291 4197 esse
305 4135 478 4215 deceptum,
494 4136 603 4198 laisum
613 4135 773 4213 credendo,
829 4146 911 4205 rum,
928 4127 1008 4190 diem
1038 4125 1159 4200 ludicii,
1176 4132 1230 4187 aut
1255 4126 1351 4186 vitam
1380 4130 1557 4197 aeternam,

146 4236 211 4291 tam
229 4231 337 4307 tuisse,
355 4231 632 4310 praesentialiterve
654 4233 775 4295 mentiri
823 4229 861 4288 et
879 4221 960 4300 quod
977 4236 1103 4282 neeesse
1131 4226 1179 4280 est
1207 4218 1281 4281 haec
1313 4218 1390 4293 iore,
1413 4216 1556 4297 reprobos

146 4339 201 4399 se,
213 4340 270 4385 seu
284 4325 363 4386 velle
381 4326 523 4402 inaniter,
539 4331 592 4385 aut
605 4340 699 4405 repug
701 4343 774 4388 nan·
828 4332 951 4396 quoque
967 4315 1078 4376 habere
1092 4312 1297 4395 supplicium,
1314 4313 1472 4374 etelectos
1485 4327 1557 4389 gau·

146 4416 260 4480 »laniati
277 4417 406 4481 divinae.
829 4410 914 4473 diunr
933 4410 1165 4489 sempiternum.

150 4512 235 4586 Quod
247 4513 388 4593 possibile
403 4512 487 4576 *luit
498 4512 654 4579 Christum
664 4531 773 4577 secun·
866 4505 1019 4566 heremo
1035 4499 1327 4566 chlottarium!
1337 4498 1516 4564 Sententiae

147 4614 288 4670 naturam
305 4625 393 4671 suam
417 4609 582 4670 humanam
600 4611 716 4670 unitam
741 4616 773 4672 er
867 4594 1310 4676 Aliaejusscriptahaecsunt:
1319 4591 1560 4655 Tubuloerlrtro-

146 4704 214 4783 prio
235 4720 345 4782 moero
362 4702 473 4765 nabere
489 4710 577 4764 actus
592 4710 775 4783 cognoscen-
826 4692 977 4765 nemeae
995 4707 1072 4769 quas
1093 4688 1198 4750 habuc
1219 4689 1371 4749 saalim
1387 4685 1557 4748 moneam

158 4796 278 4858 volendi
301 4799 454 4859 naturales
470 4799 605 4879 proprios
621 4804 652 4860 et
668 4797 776 4859 distin·
828 4785 1031 4866 tpewlaii'va
1049 4785 1169 4844 Parisiis
1185 4782 1263 4844 ⁴5⁰⁸
1284 4781 1332 4841 f0¹
1351 4786 1469 4843 etcum
1486 4780 1559 4842 Ari·

146 4935 166 4983 u
830 4878 969 4942 timetico
984 4874 1186 4960 speculatum,
1206 4878 1298 4955 (quae
1318 4876 1480 4954 separatim
1501 4873 1559 4937 ho.

146 4944 198 5059 a?
213 4938 254 4985 ω
269 4944 320 4983 ⁰⁰⁰
337 4932 483 4995 mmm
499 4937 601 4986 “mum
622 4937 648 4987 οἱ
672 4935 780 4998 mmm
832 4973 912 5037 teos
928 4973 1090 5054 prodierat)
1108 4972 1217 5032 ibidem
1236 4970 1314 5033 1512
1332 4965 1380 5030 iol.
1387 4971 1561 5039 meteres

146 5084 289 5150 oaeneon.-
307 5084 472 5149 impositum.
705 5062 708 5069 '
809 5068 941 5149 *doleas
960 5067 986 5133 v
1008 5066 1047 5128 87
1072 5070 1220 5132 memorat
1243 5062 1311 5146 ojus
1329 5056 1558 5129 Arithmetioom
