3458 5332
208 349 268 413 me
805 341 1101 403 ‘tliitiACUS

208 460 338 526 Caesarii
350 461 418 536 post
432 453 618 516 itabillonem
630 451 717 510 novis
738 450 929 513 curisreeen·
984 448 1059 511 baec
1075 448 1147 509 dare
1161 464 1239 527 quae
1254 449 1375 527 scripsit
1390 445 1576 509 Ambrosius
1591 448 1710 509 Camal-

208 557 298 615 sitam
316 550 352 612 ad
371 549 452 611 iiSS.
473 545 565 608 (lodd.
583 538 928 606 dederuntliollandiani
984 541 1120 604 delensis
1132 543 1161 601 in
1184 557 1240 601 suo
1264 539 1461 620 hodoeporico
1477 557 1547 620 pag.
1563 543 1613 604 3⁰.
1629 539 1712 604 Adiit

211 649 281 708 socii
299 645 336 706 ad
354 645 434 704 diem
453 641 495 703 27
510 639 642 718 Augusti
663 637 789 698 adiectis
806 636 930 697 adnata·
984 654 1037 697 nos
1052 635 1130 694 inter
1147 639 1278 695 coeteros
1296 639 1326 693 et
1341 632 1495 714 Cyriacus
1505 633 1714 697 Anconitomes

133 802 136 810 ,
210 741 341 802 tionibus
358 740 443 809 suis,
462 752 518 795 neo
535 732 752 794 biabillonianis
763 731 894 791 omissis.
984 727 1136 810 multoque
1148 724 1235 788 nabis
1250 726 1377 788 ostendit
1395 727 1611 807 antiquitatis,
1629 731 1715 790 ceu'us

250 828 642 906 CYiiiACUSAntiquarius
654 822 930 885 Anconitanuscir-
985 821 1212 884 curiosissimus
1228 821 1390 901 indagator
1413 830 1715 897 maimbranans:

209 947 245 990 ca
263 925 395 987 medium
413 940 472 982 sec.
488 922 552 996 XV,
569 922 649 978 inter
666 920 778 996 primos
796 917 862 990 luit,
879 915 930 993 qui
987 922 1049 976 nem
1076 915 1298 997 epiqrammota
1319 921 1459 993 omnem,
1489 923 1556 977 trem
1581 917 1715 995 siqnotos

210 1020 325 1082 ueteres
340 1014 552 1093 inscriptiones
569 1011 704 1088 undique
718 1006 852 1087 collegit,
868 1008 931 1068 iau·
986 1026 1123 1069 nummos
1144 1013 1323 1088 arqenteos,
1341 1015 1370 1069 et
1384 1016 1511 1087 aureos,
1534 1016 1601 1071 tum
1619 1011 1713 1090 siqrru.

211 1115 301 1177 datus
318 1111 431 1190 Angeio
449 1106 634 1179 Decembrio,
652 1103 811 1164 Francisco
824 1099 932 1160 Philei-
1028 1104 1218 1164 ltinerarium
1236 1104 1352 1180 Cyriaci
1368 1119 1427 1163 non
1445 1111 1518 1163 ante
1538 1104 1715 1165 multosan-

212 1211 249 1283 tn,
266 1207 292 1281 a)
305 1201 457 1265 Leonardo
468 1197 600 1272 Aretino,
615 1196 644 1272 bl
654 1194 789 1256 Leandro
800 1193 931 1264 Aiborto,
988 1213 1052 1266 nos,
1063 1213 1143 1257 anno
1159 1197 1275 1257 scilicet
1290 1195 1368 1258 ems
1385 1199 1469 1276 typis
1485 1198 1671 1258 Florentinis
1685 1199 1712 1256 io

212 1303 347 1378 aliisquo.
365 1295 411 1356 Ab
424 1292 556 1353 Antonio
571 1289 740 1368 Augustino
755 1288 781 1361 c)
796 1287 933 1365 arguitur
989 1291 1007 1348 8
1024 1334 1031 1364 ,
1049 1289 1187 1369 vulgavit
1203 1291 1319 1351 amicus
1338 1307 1425 1351 meus
1441 1290 1618 1370 doctusque
1633 1298 1716 1351 vete·

213 1395 304 1457 falsas
320 1392 412 1452 etiam
430 1386 615 1448 continuisse
636 1389 669 1443 et
690 1379 847 1441 Ambrosio
873 1381 934 1439 ido·
989 1399 1057 1443 rum
1074 1381 1213 1464 codicum
1231 1381 1388 1460 indagator
1399 1386 1587 1445 Laurentius
1600 1385 1711 1446 diebus.

212 1489 318 1550 raiesio
332 1488 362 1544 in
378 1481 546 1543 Annalibus
562 1477 730 1555 Hispanicis
740 1473 830 1534 iidem
842 1473 869 1532 ei
880 1472 934 1532 ha·
1029 1476 1308 1554 EpistolasCyrinoi
1320 1477 1483 1537 nonnullas
1493 1483 1602 1538 servat
1621 1475 1711 1537 andex

211 1581 293 1642 beuti
311 1575 446 1638 sublesta
464 1588 565 1633 merce
583 1569 782 1648 imposuisse,
810 1563 934 1645 perinde
988 1571 1048 1632 biS.
1065 1571 1239 1630 Felinianus
1254 1587 1261 1645 3
1279 1570 1358 1628 inter
1372 1585 1452 1647 quas
1475 1572 1560 1649 prior
1578 1569 1616 1631 ad
1630 1570 1712 1630 toan·

211 1679 246 1736 ut
263 1674 294 1731 in
310 1666 455 1731 Mazochii
471 1670 504 1724 et
520 1663 627 1743 Apiani
642 1708 649 1736 ,
664 1659 859 1736 Amantiique
875 1658 936 1718 coi·
989 1680 1059 1725 nem
1071 1662 1281 1742 palaeologum
1292 1661 1480 1723 Graecorum
1498 1663 1708 1741 imperatorem

208 1763 387 1828 lectionibus
409 1760 498 1820 iidem
518 1755 690 1818 desiderare
715 1771 749 1814 se
776 1751 935 1832 significat.
990 1758 1121 1834 scripta,
1149 1757 1275 1816 missam
1307 1754 1344 1815 ad
1381 1755 1516 1816 eundem
1549 1757 1705 1835 principem

208 1855 513 1932 NonnullasCyriaco
530 1850 641 1911 debere
659 1864 693 1909 se
710 1845 936 1927 profitenturin
990 1844 1207 1909 commemorat
1231 1852 1395 1910 orationem
1423 1849 1566 1912 eiusdem
1599 1850 1704 1928 (lysiaci

209 1950 386 2013 collectione
403 1963 458 2007 sua
482 1945 538 2005 An.
558 1943 638 2004 isat
663 1940 743 2001 edita
761 1935 935 2018 ingolstadii
990 1940 1257 2003 coram‘Cardinali
1274 1945 1413 2004 Firmano
1426 1987 1433 2017 ,
1446 1941 1605 2022 Alpbonso
1622 1959 1700 2021 rege,

212 2049 242 2106 in
262 2044 310 2104 tol.
334 2045 441 2102 Petrus
467 2037 604 2116 Apianae
633 2041 664 2095 et
689 2032 937 2094 Bartholomaeus
990 2034 1116 2111 aliisque
1137 2034 1306 2114 principum
1324 2035 1432 2115 legatis
1449 2035 1586 2096 habitam
1603 2035 1637 2095 de
1651 2034 1700 2094 col

211 2137 396 2201 Amantius:
415 2139 450 2193 ut
471 2133 599 2210 primam
628 2131 755 2200 statim,
784 2126 837 2186 ubi
865 2140 935 2185 eum
990 2127 1118 2207 ligandis
1136 2129 1166 2186 in
1181 2128 1295 2189 Turcas
1311 2126 1414 2189 armisss

213 2229 339 2293 laudant
356 2228 404 2285 bis
421 2224 544 2285 verbis:
562 2224 784 2283 Monumentum
804 2217 858 2278 tac
877 2217 937 2278 Ga·
1018 2220 1184 2300 ¹Epistulae
1202 2239 1274 2281 vero
1291 2224 1367 2283 istae
1383 2222 1605 2302 propemodum
1616 2221 1693 2282 direr-

215 2321 351 2382 ditanum
364 2316 498 2379 enimius
508 2314 561 2376 uir
572 2314 722 2393 Cyriacus
732 2311 936 2372 Anconitauus
992 2332 1044 2376 sae
1062 2314 1153 2375 abiis
1171 2320 1348 2389 ociosum,
1370 2331 1448 2393 quas
1474 2309 1627 2377 itinerario
1648 2315 1691 2390 Cy·

213 2413 350 2494 reperit,
369 2410 424 2491 qui
446 2427 505 2468 non
521 2406 637 2487 absque
658 2407 776 2486 maqnis
793 2401 937 2466 molestiis
992 2409 1063 2470 riaoi
1081 2410 1191 2486 partim
1204 2410 1453 2490 jam-evulgatas,
1473 2412 1585 2490 partim
1597 2427 1613 2470 e
1626 2408 1687 2468 tiss,

213 2503 454 2584 tonqtesimaram
470 2501 611 2562 itinerum
623 2499 848 2582 faciendorum,
864 2515 939 2578 qua·
991 2501 1152 2563 codicibus
1181 2508 1354 2578 extractas,
1375 2503 1413 2564 ei.
1441 2503 1552 2564 liebus
1578 2502 1685 2563 subiecit·

212 2613 346 2676 seunque
360 2595 567 2676 inscriptiones
580 2599 724 2670 uetustas,
736 2592 836 2673 quoad
843 2591 936 2665 licuit,
991 2596 1082 2656 Porro
1099 2612 1138 2655 ex
1155 2594 1203 2655 his
1220 2597 1367 2657 Lucensis
1383 2594 1498 2656 codicis
1513 2595 1640 2674 epistolis
1651 2608 1685 2672 po

214 2689 393 2770 descripsit:
409 2706 506 2771 neque
520 2693 620 2748 tomen
640 2687 706 2747 suis
724 2687 866 2767 impensis
883 2684 936 2744 iac
993 2695 1106 2751 strema
1122 2706 1180 2749 non
1193 2689 1316 2766 quidem
1331 2690 1457 2768 epistota
1470 2697 1534 2764 est,
1549 2688 1599 2750 sed
1612 2688 1685 2768 patius

209 2782 346 2863 pereqit,
361 2781 415 2843 sed
430 2780 626 2844 Nicasius
640 2782 669 2841 i'.
683 2778 825 2861 Pontifex
835 2778 938 2840 maai-
989 2783 1083 2842 oratio
1098 2799 1116 2843 a
1133 2783 1258 2860 Cyriaco
1274 2782 1375 2844 habita
1390 2830 1397 2860 ,
1415 2800 1477 2860 qua
1499 2789 1628 2862 tempore
1643 2781 1682 2840 lu

211 2893 280 2936 mus
295 2893 363 2936 cum
380 2873 553 2936 incredibili
563 2873 752 2954 antiquitatis
774 2872 938 2953 capierun-
991 2876 1095 2953 gusaei
1121 2875 1270 2953 legatione
1286 2893 1304 2938 a
1320 2878 1433 2938 biarino
1455 2876 1495 2955 de
1517 2878 1614 2938 Restis
1637 2874 1684 2934 dre

211 2968 269 3028 dae
281 2969 393 3029 ardore
402 2967 540 3048 (iepram
554 3012 561 3040 ‚
573 2972 636 3027 tum
651 2962 937 3027 etdonorumtrbro·
989 2976 1044 3028 sua
1061 2968 1282 3047 gestatoederis
1301 2969 1530 3032 innovationem
1554 2986 1620 3031 cam
1637 2965 1681 3027 Ao

210 3080 281 3123 rum
298 3060 571 3142 comparandorum
588 3058 738 3121 desiderio
760 3067 880 3123 sumtus
895 3058 938 3119 od
989 3061 1138 3120 conitarns
1165 3066 1196 3120 et
1225 3061 1419 3139 postularunt
1442 3070 1474 3123 et
1490 3063 1684 3143 rmpnnmd·

211 3155 290 3217 bunc
305 3153 438 3219 laborem
452 3146 665 3235 conficiendum
686 3172 778 3234 quam
800 3148 935 3234 magnifi-
989 3150 1065 3213 Acta
1087 3152 1162 3214 baec
1183 3161 1256 3216 sunt
1279 3157 1406 3234 Eugenii
1427 3155 1557 3219 lusu.
1586 3158 1628 3223 X.
1651 3152 1684 3214 die

210 3250 377 3312 certissime
392 3248 601 3330 suppeditavit.
618 3248 936 3327 lnseriptionesGrae-
990 3242 1094 3306 iduum
1122 3249 1291 3308 iuniorum.
1320 3247 1463 3311 Anconae
1497 3250 1602 3313 mades
1632 3255 1685 3309 troc

209 3361 261 3405 aas
278 3351 310 3403 et
332 3346 453 3403 Latinas
470 3341 611 3402 collectas
629 3341 667 3401 ab
684 3341 741 3401 boe
763 3343 793 3400 in
816 3340 934 3417 illyrico
988 3354 1172 3417 percenseas
1187 3340 1334 3419 Cyriacus
1346 3359 1380 3403 ea
1391 3346 1492 3407 omnia
1508 3343 1628 3405 totidem
1643 3340 1686 3402 lere

212 3444 244 3497 et
259 3437 393 3507 Graecia,
413 3451 471 3493 una
488 3451 559 3493 eum
572 3431 726 3493 nonnullis
737 3432 804 3505 ejas
815 3435 934 3511 Episto-
988 3431 1089 3491 verbis
1109 3435 1237 3510 repetit,
1254 3451 1333 3513 quae
1351 3437 1380 3495 in
1399 3437 1557 3500 itinerario
1572 3455 1625 3500 suo
1638 3451 1687 3516 per·

206 3528 245 3589 lis
265 3526 373 3587 excudi
392 3528 510 3589 curavit
527 3526 675 3585 Francisc.
700 3523 881 3587 Barbarinus
903 3523 932 3598 d)
988 3526 1152 3601 scripserat
1164 3525 1204 3590 ,ab
1223 3527 1282 3588 illis
1302 3526 1424 3590 verbis:
1441 3532 1584 3611 estenim
1601 3528 1687 3591 amns

208 3617 376 3681 cardinalis
390 3619 509 3691 senior,
528 3616 580 3678 sad
610 3617 737 3678 XXXIV
768 3621 883 3698 paginis
900 3620 931 3676 in
985 3613 1124 3679 Anconae
1144 3623 1197 3679 etc.
1209 3637 1278 3698 pag.
1293 3622 1333 3681 38
1350 3640 1449 3701 usque
1466 3623 1504 3683 ad
1523 3625 1573 3686 iila
1589 3640 1649 3704 pag.
1661 3619 1688 3680 it

169 3752 176 3763 ·
210 3709 333 3787 maioris
350 3710 410 3771 iolii
427 3710 521 3770 torma
548 3712 649 3789 praelo
675 3713 828 3774 absolutis
841 3727 930 3790 opera
981 3708 1135 3788 pietatem,
1152 3709 1335 3774 devotionem
1349 3714 1483 3795 etfidem.
1502 3719 1537 3778 in
1555 3711 1689 3779 referenda

208 3802 259 3864 illa
276 3805 388 3865 omissa
405 3820 440 3864 ae
468 3819 632 3883 suppressa
658 3813 714 3867 est.
732 3805 930 3866 itinerarium
985 3819 1058 3863 vero
1084 3804 1277 3883 inscriptione
1297 3809 1534 3889 Trajant,1quae
1558 3814 1689 3887 utrinqu

209 3895 326 3973 cyriaci
337 3894 516 3957 Anconitani
532 3899 644 3979 citatur
659 3917 681 3962 a,
690 3900 807 3961 Torello
820 3900 930 3976 Saray-
985 3898 1112 3956 recurrit
1125 3897 1376 3962 animadvertisse
1389 3900 1479 3981 juvat
1493 3907 1611 3984 insigne
1623 3919 1690 3964 mro·

208 4004 256 4048 na:
271 3986 318 4047 Ab
329 3989 396 4049 aliis
410 3990 503 4050 etiam
515 3988 929 4073 imperatornmaitoeusque
985 3987 1078 4064 dum,
1095 3991 1175 4069 quod
1194 3988 1224 4052 in
1239 4011 1388 4056 excusum
1406 3996 1554 4059 itinerarii
1580 3998 1689 4077 irrepsit

207 4079 247 4141 ad
272 4081 456 4144 Friderleum
479 4084 693 4147 barbarossam
709 4131 715 4162 ,
729 4085 929 4164 sed‘scriptoe
986 4082 1083 4144 Verba
1105 4085 1275 4147 animilia:
1300 4089 1365 4149 Hoc
1393 4089 1484 4151 etiam
1505 4091 1689 4153 addito.

211 4174 314 4236 Italico
332 4174 481 4239 idiomate.
984 4173 1164 4252 reddiderit,
1179 4194 1257 4256 quaa
1271 4187 1417 4259 tanquam
1434 4185 1464 4245 iu
1480 4184 1583 4265 lapide
1597 4183 1691 4246 inscul-

244 4267 262 4304 ‘¹
287 4269 331 4328 De
361 4270 427 4327 viro
451 4268 507 4331 boe
535 4267 710 4333 doctissimo
737 4272 827 4333 liceat
854 4270 928 4331 mibi
987 4275 1038 4349 pta
1064 4268 1171 4330 iisdem
1196 4277 1319 4334 exorata
1344 4273 1440 4336 literis
1450 4276 1566 4341 dantur
1576 4281 1606 4340 io
1617 4279 1690 4349 edita.

986 4364 1016 4422 in
1032 4367 1137 4423 nostro
1153 4363 1256 4426 codice
1270 4367 1366 4428 literis
1383 4384 1531 4449 expressa
1550 4372 1692 4434 dirersiso

246 4501 272 4564 a)
285 4490 618 4558 trenciacumiturmannus
626 4505 783 4570 praelatione
794 4505 827 4556 sd
839 4509 934 4560 inscrt-
961 4548 964 4557 .
985 4455 1100 4533 ”eliqua
1118 4458 1312 4565 ipscripfmne
1326 4462 1505 4568 exspemur’
1522 4464 1691 4573 taqwm

199 4579 301 4637 prienes
312 4583 495 4642 (trutertsnrs,
510 4583 609 4634 errent
623 4593 685 4632 eure
697 4584 840 4645 meognttss
852 4588 931 4636 Amet
984 4555 1090 4610 essent
1104 4549 1236 4612 h¹⁵t⁰r¹⁰¹
1254 4560 1422 4632 ”amnusr
1437 4573 1498 4617 ¹¹⁰⁰
1517 4558 1634 4639 '⁸9¹³'ss

204 4647 284 4713 tior,
298 4653 341 4703 tor.
1025 4643 1156 4704 Demum
1181 4652 1302 4722 praeter
1331 4647 1388 4709 baa
1416 4652 1541 4730 scripsit
1560 4653 1693 4733 Cymaeus

245 4725 275 4788 Β)
286 4729 383 4781 saturn
395 4733 464 4781 nuc.
478 4708 540 4781 rom.
553 4734 584 4781 ii
594 4768 603 4791 2
615 4743 674 4794 nrt·
685 4730 742 4780 ⁵³⁰·
983 4738 1164 4817 opusculum
1174 4737 1217 4799 De
1226 4744 1338 4819 septem
1350 4741 1458 4803 iiundi
1467 4745 1693 4824 spectoerstisnl·

200 4806 651 4943 vossi!utgffitsleucuffssggffi·⁶²
662 4809 700 4856 ¹¹·
722 4805 753 4856 ⁶⁶
771 4810 931 4859 mmmm·
984 4834 1082 4889 terum
1101 4828 1137 4890 de
1150 4829 1290 4893 Familiis
1304 4835 1508 4897 itamonorum
1522 4844 1554 4899 ot
1573 4838 1612 4899 de
1632 4838 1692 4898 Gre-

247 4946 276 5005 a)
288 4950 405 5000 erorum
417 4951 742 5005 aelemosinarum.
755 4956 823 5015 xxr,
836 4967 860 5017 p.
875 4948 931 5005 ess.
981 4920 1066 4999 9⁰if⁰
1087 4921 1224 5001 Tl²⁰l⁰9⁰
1236 4942 1314 5003 quae
1330 4935 1433 4988 wiri
1445 4930 1505 4990 bis.
1519 4930 1620 4992 C0dtr
1631 4930 1692 4992 sibl.

197 5024 386 5074 numerant.
401 5038 423 5076 e.
982 5013 1210 5093 iliccardianae3
1240 5033 1275 5078 ac
1303 5019 1433 5100 denique
1459 5022 1581 5086 eiusde
1603 5020 1695 5086 neiat
