3464 5318
172 321 212 387 gi
396 322 407 335 ·
486 357 491 367 .
738 301 1099 369 anasrasrrs

170 424 240 488 ¹cum
258 424 296 486 de
307 425 337 486 S.
355 422 454 484 Leone
470 417 621 496 agendum
633 416 699 477 erit.
712 414 900 494 Opuseulum
956 413 1153 475 Narniensium
1160 409 1347 490 Episcopum
1355 411 1686 476 memoratliiniustom.

173 521 213 581 lll
231 519 355 579 exhibet
364 515 473 576 Gelasii
488 515 500 572 l
517 513 678 572 Decretum
696 525 714 569 a
730 509 901 570 Florentino
954 507 991 568 44.
1006 505 1164 568 concilior.
1179 503 1252 565 edit.
1269 502 1347 564 4643
1359 508 1451 581 atoue
1462 503 1534 567 inde
1545 506 1606 567 alii.

105 664 109 673 .
173 612 277 673 codice
299 609 494 687 desumptum
510 604 662 665 00334443
678 602 796 663 duobus
812 601 902 662 eolla·
993 596 1254 675 Anastasio&
1282 596 1445 658 Monachus
1471 596 1683 675 cassinensis,

174 712 249 766 tum.
266 704 316 779 tv,
332 704 554 779 Fragmentum
564 695 700 772 catalogi
722 692 902 759 Pontismalis
956 695 1063 770 (Petro
1072 694 1201 752 Diaeono
1214 691 1335 768 ignotus
1346 689 1354 764 4
1366 688 1688 755 3444404400344443340

174 797 204 856 43
216 795 320 873 vigilio
345 792 501 864 desinens,
519 788 598 867 quod
618 788 765 864 integrius
785 785 903 846 recudi·
955 784 1047 865 phanl
1064 786 1100 857 11,
1117 784 1168 843 vel
1184 784 1225 843 lll
1240 781 1360 842 saeculo
1376 789 1483 842 octavo
1499 783 1687 860 declinante,

151 861 155 869 Ι
174 895 239 963 tur,
256 903 347 964 quarn
365 885 518 963 legeretur
549 884 578 941 in
596 887 668 939 tom.
698 881 746 939 lll·
766 877 901 940 eiusdem
955 879 1005 939 cui
1022 877 1162 938 tribuunt
1176 875 1332 935 historiam
1349 890 1389 934 an
1403 874 1539 936 tabulam
1555 877 1690 939 detrun

174 979 313 1039 editionis
333 975 561 1039 Anastasianae.
591 970 826 1050 opusculum-V
850 969 903 1029 dol
957 971 1083 1030 alatione
1104 969 1199 1048 partis
1218 967 1412 1044 reliquiarum
1437 967 1468 1028 S.
1485 967 1643 1029 4340444044
1658 979 1688 1030 et

176 1071 379 1149 fragmentum
395 1067 565 1127 invectivae
582 1067 613 1124 in
629 1066 754 1124 ltomam
769 1079 823 1141 pro
836 1064 905 1121 For·
957 1065 1069 1124 sororis
1084 1060 1150 1140 eius
1167 1058 1390 1135 Sadducaeos,
1405 1075 1497 1137 quam
1511 1062 1572 1122 443
1588 1060 1688 1124 habirit

178 1179 271 1223 moso.
289 1161 478 1240 Opusculum
498 1160 537 1219 vl
555 1158 613 1218 4044
633 1155 827 1235 appendicem
849 1170 904 1215 seu
958 1154 1224 1219 arnolduswmn.
1539 1188 1545 1198 ·
1644 1199 1647 1202 .

176 1257 330 1316 variantes
347 1253 385 1313 ud
404 1251 648 1329 Martyrologium
670 1248 768 1309 Bedae
787 1247 903 1307 editum
999 1246 1254 1323 ANdSlASlUS,
1274 1240 1437 1324 Presbyter
1466 1251 1498 1304 et
1523 1245 1688 1326 ipocrisis

177 1350 208 1408 in
226 1347 370 1427 principio
387 1345 460 1404 tomi
480 1346 506 1404 ll
523 1341 669 1403 Actorum
695 1341 749 1401 83
770 1338 905 1400 4404433444
958 1340 1242 1417 4433440433004403
1259 1339 1293 1398 Α.
1311 1340 1345 1399 G.
1366 1339 1425 1398 dol
1442 1337 1534 1416 cujus
1550 1338 1688 1420 Epistola

177 1441 320 1501 collatum
346 1454 417 1498 cum
436 1436 538 1496 codice
552 1434 715 1495 Vemnensi
728 1430 831 1491 seculo
842 1431 906 1492 Cir·
958 1432 1002 1496 od
1030 1431 1221 1493 Tieodosium
1248 1428 1462 1517 Presbytenou
1487 1430 1688 1511 Goaprevm

175 1535 254 1593 04404
269 1532 307 1593 Χ.
322 1532 374 1592 Vll
389 1529 570 1608 opusculum
592 1526 714 1587 exhibet
726 1524 904 1584 Psallerium
959 1532 1061 1586 exstat
1077 1542 1116 1585 ex
1137 1524 1289 1584 anastasii
1315 1523 1537 1584 bibliothecarii
1552 1528 1688 1586 versione

174 1642 247 1687 cum
264 1625 396 1686 Canticis
410 1622 497 1700 juxta
519 1621 675 1698 vulgatam
696 1618 853 1694 antiq'uam
874 1622 906 1676 04
959 1619 989 1679 43
1008 1618 1099 1695 hujus
1111 1617 1309 1679 Collectaneis
1323 1616 1362 1677 ad
1378 1618 1619 1679 conlmversiaur
1633 1620 1689 1678 440

172 1718 284 1778 italam
301 1715 472 1775 versionem
488 1731 558 1774 cum
576 1711 785 1782 variantibus,
798 1715 830 1768 et
846 1708 906 1768 col·
960 1711 1185 1772 notheletarum
1203 1708 1414 1789 spectantibus
1428 1726 1507 1787 quae
1523 1710 1619 1771 edidit
1634 1711 1691 1772 Sir—

177 1810 296 1871 latioue
320 1809 460 1868 instituta
490 1823 559 1867 cum
590 1805 658 1864 'aliis
688 1794 906 1862 vetustissimis
962 1803 1092 1865 mondus
1109 1803 1203 1864 l‘aris.
1226 1802 1304 1864 4734)
1319 1849 1326 1880 ,
1343 1804 1376 1878 8,
1398 1819 1505 1864 recum
1526 1804 1648 1864 43440443
1660 1811 1690 1864 et

176 1900 348 1963 Psalteriiis
364 1901 482 1977 Excipit
491 1898 564 1958 haec
573 1898 673 1957 omnia
684 1894 818 1972 cajetani
829 1895 907 1955 Cen·
960 1898 1125 1957 novissime
1143 1896 1279 1956 venetiis
1296 1897 1325 1955 in
1343 1901 1424 1955 tomo
1438 1897 1528 1955 terlio
1542 1896 1689 1958 sirmondi

178 1995 208 2053 ni
226 1991 393 2072 presbyteri
415 1990 604 2050 pistoriensis
617 1987 813 2076 Chmnologra
832 1988 907 2047 Cae
959 1989 1091 2068 Opemm
1112 2004 1177 2068 pag.
1196 1987 1254 2049 573
1272 1995 1305 2048 04
1327 1994 1398 2049 3340
1419 1995 1536 2050 4043034
1559 1990 1687 2066 primum

171 2101 264 2147 marea
282 2085 435 2145 Pontificio
448 2084 521 2143 40434
540 2083 577 2142 lll
594 2081 640 2141 ab.
654 2097 702 2140 an.
718 2080 829 2141 Christi
847 2081 904 2140 590
959 2081 1092 2160 Operum
1109 2083 1140 2143 S.
1157 2083 1277 2143 44344344
1303 2080 1516 2143 Combelrsiani
1537 2083 1569 2141 P.
1582 2082 1688 2143 4444444

179 2196 277 2257 usquo
293 2179 331 2239 ad
350 2177 417 2237 768.
436 2176 452 2221 l
960 2180 991 2234 et
1004 2180 1076 2234 tom.
1093 2176 1160 2235 xll.
1175 2174 1248 2235 llibl.
1268 2176 1391 2235 Petrum
1406 2174 1500 2253 Lugd
1515 2191 1583 2253 pag.
1601 2175 1674 2249 858.

219 2274 329 2332 Totum
343 2287 415 2329 vem
426 2267 596 2329 luculenter
612 2266 795 2325 recensitum
806 2272 907 2325 exstat
1000 2266 1217 2342 ruinosius
1241 2265 1480 2339 Alexandrinus,
1496 2265 1688 2327 laodicensis

180 2381 259 2425 novo
276 2361 413 2440 ejusdem
433 2356 560 2438 44930444
568 2401 576 2431 ,
590 2359 623 2432 c)
638 2360 748 2418 Itomae
761 2358 838 2418 4734
851 2358 908 2417 lor·
959 2359 1139 2439 Episcopus,
1153 2375 1245 2437 quem
1263 2359 1322 2420 sub
1339 2351 1432 2420 Probo
1442 2365 1475 2420 et
1485 2361 1564 2422 Cam
1578 2360 1689 2420 deruis

172 2472 229 2515 -ma
252 2460 360 2532 quarta
385 2451 516 2528 majore,
544 2455 635 2526 atque
661 2449 719 2509 sub
744 2448 823 2508 idem
845 2449 906 2508 lere
960 2469 998 2512 se
1011 2453 1214 2529 llierunymus
1237 2469 1301 2531 cap.
1318 2451 1365 2512 37.
1387 2453 1522 2530 catalogi
1540 2458 1688 2526 testatur,

181 2543 479 2623 lempusGlarissimi
494 2538 660 2603 4404340444
674 2539 774 2600 studio
786 2542 906 2600 intomo
960 2543 1073 2603 Graece
1101 2560 1159 2603 non
1182 2546 1286 2605 Latino
1303 2546 1443 2623 scripsit,
1461 2544 1518 2605 sed
1541 2544 1688 2607 00303004

177 2640 267 2697 404440
284 2652 384 2696 rerum
398 2634 566 2695 ltaliearum
579 2679 587 2710 ‚
601 2632 756 2693 Mediolani
769 2633 847 2694 4733
858 2633 895 2691 404
960 2634 1027 2713 ejus
1044 2635 1220 2696 Posclolem
1232 2655 1270 2697 ex
1283 2640 1378 2699 veteri
1392 2640 1498 2699 Latina
1509 2638 1615 2700 llufini
1624 2656 1688 2699 uer-

177 2729 280 2789 addita
296 2727 330 2803 d)
348 2729 440 2787 etiam
457 2727 583 2788 aliorum
594 2732 751 2786 auctorum
766 2730 905 2785 veterum
960 2730 1043 2789 sione
1057 2731 1193 2808 vulgavit
1210 2733 1349 2809 notisque
1371 2732 1536 2793 illustravit
1550 2731 1688 2810 AEgidius

174 2821 399 2881 continuatione
416 2818 454 2880 do
475 2820 551 2878 Vitis
568 2819 745 2879 Pontificum
769 2835 786 2878 a
808 2818 905 2877 Leone
961 2821 1126 2884 Bucherius
1144 2825 1174 2881 ln
1190 2823 1326 2885 doctrina
1342 2831 1514 2902 temporum}
1532 2823 1685 2903 antwerp,

182 2912 275 2973 lXad
290 2915 437 2973 loannem
450 2913 545 2973 xxti.
962 2915 1039 2975 4634
1061 2915 1108 2976 404.
1129 2932 1194 2994 pag.
1218 2909 1396 2977 tao-tta

218 3004 387 3067 Chroar'con
396 3005 488 3065 breve
497 3002 676 3065 Cossiaeasc
688 3004 717 3062 in
729 3019 807 3062 anno
819 3002 908 3063 Cllri-
1001 3007 1109 3069 Petrus
1125 3008 1395 3093 alienissimus,
1412 3011 1478 3070 sive
1488 3010 1527 3070 (10
1538 3008 1686 3073 Auem.

108 3123 111 3126 >
175 3105 216 3158 etr
232 3098 292 3158 837
307 3097 563 3175 40343033,ουοά
576 3097 735 3183 Anastasio
750 3096 905 3168 tribuitur,
962 3118 1001 3161 no
1016 3103 1111 3163 lctus
1126 3106 1178 3180 qui
1189 3105 1338 3164 Bononiae
1348 3103 1451 3164 docuit
1461 3102 1606 3182 diemque
1619 3104 1686 3164 obiit

175 3190 269 3252 edidit
296 3192 436 3252 laudatus
463 3193 642 3252 llumtorius
668 3196 748 3249 tomo
775 3187 907 3248 secundo
961 3194 1117 3257 Anaua,
1135 3198 1177 3257 00
1195 3196 1685 3275 anusscpvpaswmhrusadcg

177 3300 304 3362 maguae
319 3285 399 3345 illius
413 3291 505 3361 atque
517 3284 599 3344 ltalis
612 3284 718 3342 honori
728 3298 849 3358 semper
862 3281 908 3340 lu·
962 3304 1053 3349 veum
1063 3297 1095 3349 et
1105 3289 1334 3350 Oudinustomo
1353 3290 1401 3350 lll.
1417 3306 1484 3367 pag.
1503 3290 1665 3367 4333300.

176 3383 262 3435 441486
279 3377 463 3436 00416θῦ0048
480 3382 552 3434 40444·
571 3377 617 3448 ΙΙ,
636 3394 663 3453 p.
683 3376 741 3435 249
758 3370 812 3433 sed
829 3374 907 3434 Aoo·
1002 3380 1018 3416 *
1035 3383 1155 3442 Praeter
1165 3383 1305 3460 scriptae
1320 3382 1497 3443 Warthonio
1507 3400 1685 3445 commemo

175 3469 305 3527 stasium
326 3475 479 3529 tilleiorem
500 3483 570 3528 esse
587 3471 639 3529 Vix
660 3484 695 3528 30
715 3469 754 3528 ilo
770 3469 821 3529 Vix
841 3468 907 3545 qui-
962 3481 1026 3534 mla
1046 3481 1149 3536 exstat
1163 3477 1229 3536 flius
1250 3477 1405 3555 responsio
1429 3478 1553 3542 nomine
1571 3474 1683 3538 milii

175 3560 247 3620 dem
266 3560 321 3619 sibl
339 3561 510 3638 persuadet.
962 3568 1058 3626 Pisani
1073 3566 1306 3648 datallplscopo
1317 3569 1504 3631 verdunensi
1518 3569 1623 3649 legato
1632 3571 1683 3631 Ro

217 3651 400 3730 Epistoloud
408 3650 539 3714 Adonem
550 3654 908 3733 hrclriopiscopumllien·
962 3658 1037 3718 berti
1051 3676 1088 3719 ox
1106 3661 1248 3721 Bavariae.
1265 3661 1344 3736 duce
1359 3664 1448 3741 Regis
1464 3663 1682 3732 Romanorum,

179 3751 421 3823 nonsem‚atque
438 3736 532 3808 altera
545 3747 582 3807 dc
593 3745 674 3807 obilu
683 3745 801 3808 Nicoloi
814 3748 838 3807 4.
849 3750 908 3807 Po
962 3768 1052 3827 quam
1073 3769 1128 3829 ego
1150 3752 1306 3832 hucusque
1328 3754 1472 3815 ineditam
1501 3773 1519 3815 0
1541 3755 1608 3817 cod.
1628 3758 1682 3817 43.

72 3888 75 3893 .
176 3854 234 3914 poe
250 3835 429 3899 etelectiooe
446 3840 548 3919 Popoc
562 3839 716 3901 Hadriani
729 3841 764 3901 44
775 3849 806 3902 04
819 3842 907 3901 tortia
962 3847 1025 3924 ipsa
1042 3848 1119 3906 Petri
1137 3865 1229 3908 manu
1246 3849 1364 3926 signato
1380 3854 1549 3910 extractam
1565 3851 1682 3929 vulgavi

178 3928 222 3988 od
232 3928 431 3991 Hincmoram
446 3933 588 4011 leguntur
602 3936 632 3994 ln
646 3937 737 3995 tumis
750 3935 905 3997 concilior.
961 3939 990 3998 in
1009 3953 1075 3998 meo
1095 3940 1298 4001 Conciliorum
1315 3939 1527 4018 supplemento
1545 3948 1628 4002 torno
1646 3943 1699 4003 lll'

176 4023 267 4100 llcgia
283 4025 421 4086 xxxlrl.
438 4027 546 4088 Labbei
568 4029 643 4090 Vlll.
661 4028 804 4089 llarduini
820 4028 854 4089 V.
876 4033 907 4087 et
961 4030 1048 4091 4099.
1076 4033 1238 4092 Petiliones
1258 4034 1397 4112 Episcopi
1422 4032 1630 4096 verdunensis
1648 4052 1683 4096 ex

171 4114 292 4177 Veneta
309 4118 403 4179 coleti
420 4120 459 4180 X.
960 4123 1104 4184 Dacherio
1121 4124 1256 4185 labbeus
1273 4123 1409 4200 dedemt3
1427 4131 1547 4188 etcum
1567 4127 1607 4189 ad
1627 4129 1684 4188 sin·

216 4209 344 4270 Mortini
367 4210 393 4269 1.
420 4213 516 4290 Papae
540 4211 693 4293 Epistolus
717 4213 786 4272 xlv
798 4256 805 4287 ,
831 4213 886 4273 XV
897 4257 904 4288 ,
959 4217 1046 4294 gulas
1059 4217 1227 4296 petitiones,
1241 4218 1349 4278 breves
1360 4217 1683 4298 quaedam'responsio·

176 4302 244 4362 xvl
257 4349 265 4380 ,
279 4303 360 4362 xvh
385 4310 417 4362 el
441 4306 535 4365 xvlll
562 4323 666 4365 versas
683 4305 721 4365 ab
747 4303 905 4364 Anastasio
959 4326 1015 4372 nes
1032 4313 1062 4370 in
1080 4327 1135 4372 suu
1149 4310 1250 4371 codice
1262 4311 1431 4371 Dacherius
1442 4318 1551 4373 nactus
1563 4313 1680 4388 luisset3

176 4393 299 4455 rxlribet
318 4402 350 4455 et
370 4397 582 4474 praelationem
597 4395 670 4474 -ejus
687 4397 724 4458 ad
744 4399 904 4458 4434443034
960 4401 1015 4464 has
1036 4405 1146 4482 pariter
1165 4402 1248 4464 dedit
1266 4403 1404 4464 labbeus
1420 4409 1506 4464 ratus
1527 4403 1587 4466 has
1606 4407 1681 4485 ipsas

217 4524 242 4582 0)
261 4530 323 4575 acts
338 4527 502 4576 ltmdttorum
515 4531 562 4577 43.
579 4525 656 4586 4747,
668 4538 727 4589 pag.
739 4526 781 4577 52.
801 4527 904 4576 Journal
958 4513 1028 4556 ⁸⁸⁵⁰
1045 4498 1255 4575 resimnsmnes
1272 4513 1289 4557 ³
1307 4497 1438 4557 0⁰⁰0ffi0
1453 4496 1561 4558 edita&
1578 4500 1681 4602 Rei9⁸³¹

173 4596 219 4649 dos
235 4603 343 4651 scurias
361 4600 483 4651 4317444
499 4606 558 4652 lun.
575 4614 634 4664 pag.
652 4603 708 4652 373.
727 4605 858 4654 4103404400
873 4603 904 4653 40
957 4596 1058 4650 43444044
1074 4591 1283 4669 responsiones
1301 4589 1368 4649 illae
1379 4589 1498 4651 Codicis
1508 4591 1680 4653 Daoheriont

176 4676 290 4722 novom
303 4679 332 4726 Α·
346 4673 421 4735 1747,
435 4689 492 4739 tls·
504 4677 546 4726 ⁸9·
904 4674 907 4680 ’
957 4682 1032 4743 40440
1048 4681 1199 4760 extemplo
1215 4680 1303 4741 datae
1320 4689 1407 4756 sunt3
1425 4682 1480 4743 sed
1494 4682 1589 4745 iuslor
1600 4691 1631 4746 et
1641 4684 1681 4744 di-

214 4744 241 4804 d)
263 4745 324 4795 vlde
345 4758 510 4811 conspectum
532 4763 617 4801 meum
638 4752 750 4803 thesauri
772 4754 899 4802 4444034444
955 4775 1092 4836 poenum.
1106 4776 1259 4854 responsio
1280 4773 1349 4834 dein
1366 4774 1512 4837 adornata
1535 4783 1585 4838 est
1606 4794 1679 4858 quae

174 4820 262 4869 44444400
274 4830 332 4882 pag.
342 4822 373 4871 37
385 4837 438 4886 seq.
451 4829 549 4875 044040
562 4826 728 4877 ltrudltorum
741 4832 813 4876 4330
826 4826 897 4887 llas,
976 4823 994 4854 0

73 4906 76 4910 ·
173 4904 231 4956 pig.
247 4893 360 4957 344443.
378 4898 649 4950 nursiamcasam
668 4903 761 4951 nona
778 4903 897 4964 34440344
953 4885 1008 4948 Pil
1023 4885 1072 4928 ¹¹¹⁰
1090 4866 1212 4943 ibidem,
1229 4872 1263 4928 ut
1277 4865 1340 4944 iam
1358 4869 1442 4930 innui
1459 4868 1632 4949 evulgatur.

168 4969 829 5030 concinnasset.urbevetsnrnouslnsessanum
836 4980 899 5030 4444.
965 5003 966 5008 1
994 4964 1114 5022 Praeter
1130 4960 1203 5023 44000
1220 4963 1250 5021 43
1261 4961 1336 5023 cod.
1354 4962 1413 5026 448.
1432 4961 1617 5026 Bibliotheca
1630 4966 1679 5026 Fe
