3458 5332
689 337 803 400 thl
818 336 844 397 Α
859 338 879 399 S
893 336 952 397 HS
1495 336 1555 399 aaa

52 453 173 513 Latine
190 465 228 508 ex
245 447 374 508 Historia
399 446 547 524 tripartita
571 446 632 519 lX,
661 445 699 507 l8
722 463 787 524 pag.
842 445 1248 509 rationumDamasiinh'Vl.
1262 448 1555 531 Prophetas;neqnc

55 546 142 608 558.
161 543 207 618 44)
224 542 344 602 Damasi
363 537 512 617 Synodion
522 543 628 599 eontra
637 535 790 617 Apolline
843 559 968 622 possum
985 542 1085 603 dicere
1107 540 1156 602 ubi
1177 546 1278 602 exstet
1300 541 1418 605 libellus
1436 545 1558 607 Damasi

45 639 150 700 run
166 643 198 698 et
212 632 393 695 Timotheum
404 634 516 694 Graece
525 651 562 694 44
574 632 680 693 eodem
695 633 789 693 Theo
842 635 878 697 de
894 633 1096 716 munificentie
1108 633 1298 696 Constantini
1305 636 1344 695 rr.
1356 640 1555 716 conscriptus,

44 733 174 794 dorato
189 731 214 792 V
233 728 289 802 44,
314 736 345 789 44
362 730 466 788 Latine
481 744 521 789 ex
537 726 667 800 Historia
681 729 788 806 tripar-
841 748 932 810 quem
950 729 1052 791 laudat
1069 731 1214 789 Batonius
1231 727 1268 789 ad
1286 729 1437 806 llartyrol.
1448 731 1555 792 aoma-

47 829 125 887 tita
141 827 205 897 IX,
224 826 261 884 45
277 839 343 901 pag.
363 821 430 884 574.
450 824 496 893 43)
514 822 633 883 Damasi
656 819 699 880 ael
718 821 786 882 Hie·
841 841 915 886 num
933 826 971 886 48
985 825 1058 885 Nnv.
1077 824 1128 884 Vel
1145 820 1283 883 carmina
1297 821 1330 881 in
1352 820 1534 897 Psolterium
1544 870 1554 901 ,

49 935 244 1002 ronymum,
260 933 327 996 pag.
339 915 407 997 573.
419 916 464 991 44)
482 916 669 994 Rescriptum
688 916 789 975 Hiero
841 937 918 998 qnae
935 919 1054 980 vidend
1072 918 1198 979 Simlero
1215 918 1383 977 memorari.
1404 917 1556 995 Epistulas

52 1016 156 1094 nymi
172 1030 238 1092 pag.
261 1010 328 1071 574.
361 1010 406 1086 45)
433 1008 535 1070 Altera
562 1009 684 1086 Damasi
710 1025 788 1086 qnae
842 1020 966 1075 mutuas
982 1014 1102 1075 Damasi
1119 1018 1210 1089 atque
1227 1011 1398 1088 Hieronymi
1412 1009 1449 1070 de
1466 1011 1558 1074 Coto-

60 1111 194 1187 incipit:
212 1103 413 1165 Dmmientern
431 1109 480 1178 te,
497 1121 527 1182 p.
545 1100 602 1165 4479
623 1118 693 1164 cnm
720 1103 804 1163 Hie·¹
842 1105 905 1186 lopo
931 1105 1125 1185 Pontificum,
1154 1121 1231 1183 quas
1251 1103 1371 1164 edidere
1392 1102 1556 1168 Godtridns
1671 1159 1673 1163 ⁴

50 1202 186 1280 ronymi
209 1215 353 1278 responsa
374 1196 412 1259 ad
438 1195 505 1266 alus
518 1197 720 1288 quaestiones·
739 1196 786 1270 46)
840 1200 1072 1263 Henschennius
1087 1205 1158 1258 ante
1180 1204 1297 1257 tomum
1314 1199 1336 1258 l.
1359 1196 1459 1268 Actor.
1482 1198 1557 1260 San-

47 1296 177 1358 }iotitia
203 1295 338 1373 quinque
361 1293 542 1371 scriptorum
559 1289 731 1367 Hieronymi
748 1289 785 1349 ad
839 1302 956 1355 ecorum
974 1292 1099 1371 Aprilis,
1117 1291 1294 1353 lambecius
1311 1297 1383 1352 tom.
1401 1292 1421 1353 2
1437 1311 1467 1371 p.
1484 1291 1554 1369 924,

54 1393 243 1466 Damasum,
262 1390 273 1449 4
294 1392 326 1448 44
343 1387 371 1460 4,
386 1382 424 1445 de
442 1383 598 1463 Seraphim
615 1390 647 1443 44
659 1383 783 1457 calculo,
840 1403 887 1467 sq.
908 1386 1046 1449 Nicotaus
1073 1384 1224 1447 Antonius
1251 1390 1323 1444 4444.
1343 1387 1370 1446 4.
1392 1384 1466 1445 Dibl.
1494 1391 1558 1447 vet.

54 1487 85 1546 3
101 1483 141 1544 de
166 1481 226 1543 44444
242 1480 385 1560 prodigo,
403 1480 420 1539 4
443 1478 566 1557 praelat.
589 1478 618 1536 in
646 1477 784 1555 Origenis
838 1483 986 1561 Hispanae
1004 1497 1069 1560 pag.
1087 1481 1155 1541 445.
1171 1478 1330 1539 Emanuel.
1356 1478 1556 1541 schelstrate

53 1575 205 1638 bomilias
222 1576 251 1635 in
269 1575 451 1648 Canticum,
473 1577 504 1631 et
532 1573 551 1632 5
578 1567 723 1648 praelatio
752 1570 780 1628 44
838 1591 898 1636 nus
922 1577 1029 1636 tomi
1058 1575 1248 1651 antiquitatis
1275 1572 1462 1647 iHnetratae,
1488 1590 1555 1653 pag.

50 1669 254 1749 Evangella,
274 1685 342 1746 pag.
366 1668 433 1727 590.
454 1663 500 1742 47)
520 1665 631 1727 Notitia
656 1664 783 1725 aliorum
838 1667 896 1730 347
918 1669 958 1728 ita
980 1669 1117 1746 repetiit,
1139 1674 1175 1728 nt
1197 1667 1287 1727 simul
1310 1666 1554 1743 demonstraret,

53 1765 245 1844 scriptorum
262 1769 293 1822 et
306 1766 461 1840 gestorum
482 1757 520 1819 ad
540 1758 704 1819 Damasum
731 1758 785 1817 Pa·
838 1763 1010 1842 suppositas
1031 1777 1118 1822 esse:
1141 1760 1267 1839 perinde
1291 1767 1326 1823 nt
1350 1762 1502 1840 Epistulas
1520 1760 1557 1823 ae

54 1876 134 1939 pam
155 1858 367 1929 attinentium,
389 1871 454 1934 pag.
478 1854 546 1915 594.
572 1853 634 1927 48).
647 1852 784 1915 Censura
839 1855 1030 1930 Psalmodia,
1047 1856 1126 1915 inter
1150 1856 1322 1934 Hieronymi
1347 1859 1558 1936 ettamepera

54 1951 256 2013 decretorum
265 1952 397 2012 Damaso
407 1944 657 2027 praeturamve}
670 1945 783 2004 incerta
837 1950 950 2011 obvias.
968 1949 1038 2011 lllae
1061 1950 1203 2027 quoniam
1225 1948 1388 2026 perbreves
1408 1954 1504 2022 sunt,
1525 1956 1557 2010 et

55 2043 125 2106 side
140 2041 382 2123 adscriptorum,
399 2057 465 2119 pag.
484 2039 566 2115 643,
585 2037 653 2100 642.
834 2045 864 2104 44
881 2043 1065 2105 editionibus
1081 2044 1253 2120 Hieronymi
1270 2059 1330 2103 nou
1348 2043 1450 2104 minus
1462 2058 1556 2120 quam

101 2139 147 2199 Du
171 2135 327 2216 Duodecim
352 2130 619 2195 Anuthemutismis
649 2129 728 2210 apud
752 2130 783 2191 S·
838 2139 957 2199 Damasi
981 2154 1105 2215 operum
1127 2136 1355 2209 desiderantur,
1373 2134 1429 2195 hoc
1445 2135 1556 2211 444444,

58 2230 269 2310 angustinum
301 2245 440 2290 sermone
472 2227 528 2289 aaa
559 2225 598 2287 de
626 2230 783 2304 tempore,
839 2249 897 2293 444
920 2234 1091 2312 importuno
1115 2232 1179 2291 loco
1197 2246 1252 2305 se,
1281 2238 1315 2291 nt
1340 2231 1464 2309 opinor,
1485 2230 1558 2292 olle·

59 2324 266 2386 conterendus
281 2322 460 2385 Paschasius
477 2319 659 2392 Quesnellns
672 2318 784 2380 disser—
838 2331 907 2387 4444
923 2326 1106 2387 tectoribus

60 2425 116 2479 tat.
133 2418 224 2487 XlV,
239 2417 277 2479 ad
291 2421 423 2479 Leonem
444 2417 604 2493 Hagnnm,
622 2413 673 2475 ubi
691 2414 782 2474 etiarn

63 2511 103 2572 (le
120 2513 240 2573 Damasi
259 2511 405 2590 symbolo,
430 2508 467 2570 de
484 2525 544 2587 qua
561 2509 610 2568 W·
631 2509 666 2570 E
691 2509 782 2569 Tanl·
858 2516 1036 2576 Beatissimo
1054 2515 1151 2592 Papae
1167 2513 1297 2574 Damaso
1314 2514 1536 2624 Hieronymus.

63 2607 189 2668 zelins'
182 2622 214 2666 44
227 2603 349 2683 judiciis
374 2603 562 2664 eruditorum
583 2602 621 2663 de
646 2601 783 2680 symbolo

61 2699 241 2770 Athanasii,
258 2715 323 2777 pag.
297 2699 380 2758 045
393 2713 485 2776 4444)
501 2697 616 2758 Graeca
633 2698 714 2756 versi
740 2695 782 2756 illi
879 2703 1013 2766 Gloriam
1027 2701 1203 2766 sanctitatis
1221 2701 1301 2764 Tuae
1316 2707 1422 2763 mostra
1438 2697 1559 2762 humili-

61 2793 333 2854 anathematismi
326 2809 356 2850 44
374 2791 447 2852 Dibl.
468 2791 615 2852 Caesarea
632 2790 717 2853 HSC.
740 2795 785 2849 tc·
839 2804 885 2860 aaa
901 2797 1104 2879 deprecatur,
1124 2801 1159 2857 ut
1183 2794 1348 2858 secundum
1368 2791 1557 2875 apostolieae

66 2895 114 2948 sla
130 2886 289 2947 LambaclO
307 2885 394 2959 Vlll,
410 2901 476 2963 Pflg·
496 2884 563 2944 44⁶·
641 2940 644 2945 -
838 2893 924 2955 Sedis
940 2891 1152 2954 authoritatem
1165 2938 1172 2968 ,
1185 2907 1281 2969 ,quom
1295 2887 1486 2969 copneuimus
1496 2905 1556 2968 per

104 2983 226 3041 Praeter
242 2976 354 3038 libellos
370 2976 407 3037 cte
427 2975 609 3056 Viryinitate,
627 2983 660 3037 et
669 2976 785 3038 auctori
839 2993 921 3048 tuam
938 2987 1128 3050 Samariam
1145 2982 1336 3064 quaeritari
1353 2987 1440 3044 actua
1457 2989 1555 3063 pasto.

69 3075 149 3134 vitae
162 3077 359 3131 memoratam
373 3068 722 3149 summamqnerundam
735 3084 786 3129 oo·
839 3099 909 3141 rum
938 3082 960 3141 ,t
989 3079 1076 3140 Beati·
1107 3077 1191 3140 Petri
1213 3075 1348 3157 apostol
1379 3075 1557 3178 Principum

69 3167 217 3227 luminum
227 3162 388 3242 utriusque
401 3162 586 3239 Testamenti,
599 3161 786 3224 hexametris
839 3192 934 3255 mque
949 3173 991 3234 ad
1011 3177 1115 3234 vestra
1129 3176 1282 3251 temporo,
1299 3186 1376 3248 quoe
1392 3164 1538 3229 44444444·
1524 3185 1559 3228 sn

68 3257 210 3323 versibus
227 3254 362 3318 breuiter
378 3210 634 3336 comprehensim,
652 3274 742 3336 quam
757 3259 785 3316 in
840 3267 915 3333 sade
942 3251 995 3328 ω’),
1013 3270 1098 3346 qesta
1122 3270 1211 3340 sunt
1234 3260 1320 3323 uota
1335 3278 1395 3342 per
1421 3259 1556 3323 ordinem

67 3356 191 3416 archivo
227 3351 367 3412 basilicae
399 3352 544 3430 Principis
575 3350 787 3429 Apostolorum
837 3360 945 3442 paucis
961 3377 1110 3422 mutuare
1126 3357 1272 3437 dipneris,
1288 3359 1436 3436 4444444444
1451 3358 1559 3429 nostra

66 3451 177 3509 ltornae
204 3447 354 3509 asservari
384 3444 502 3507 audivit
531 3444 592 3505 Nic.
618 3442 788 3519 44444444,
841 3454 994 3517 tumetum
1017 3453 1146 3516 sentiens
1168 3453 1379 3530 recoquamus,
1406 3446 1477 3531 qua
1497 3466 1567 3511 mem

66 3551 141 3602 tom.
158 3543 170 3601 4
188 3587 197 3616 ,
219 3538 294 3599 Dibl.
313 3546 375 3599 vet.
397 3540 478 3618 Hisp.
503 3554 569 3616 pag.
590 3535 646 3599 445
672 3537 790 3599 deside-
842 3548 943 3610 ruerit
956 3548 992 3610 da
1007 3542 1367 3628 Epr‘rcopissupredictoe
1377 3540 1465 3607 sputa
1475 3560 1558 3605 mar.

67 3651 171 3696 minus
189 3635 280 3693 sliam
303 3633 425 3693 Damasi
445 3630 521 3692 Acta
541 3631 707 3709 Martyrum
732 3632 790 3691 Ra
843 3641 919 3721 tyrio
936 3641 1086 3718 coronari,
1105 3637 1154 3701 uel
1167 3638 1198 3700 si
1211 3637 1280 3718 quis
1293 3642 1401 3699 444444
1418 3637 1556 3701 canones

74 3745 253 3801 manorum,
271 3725 358 3787 Petri
372 3728 540 3787 exorcistae
560 3728 590 3784 et
603 3722 788 3799 Marcellini,
842 3735 1051 3815 Apostolorum
1071 3733 1240 3797 excessisse
1260 3737 1467 3814 coquerentur.
1490 3731 1555 3792 oya

63 3840 140 3903 quae
163 3827 311 3882 memorat
336 3821 521 3898 Eginhartus
549 3821 630 3896 (tom.
658 3822 685 3880 4.
714 3818 782 3879 Act.
838 3834 897 3896 pro
913 3815 998 3878 nabis
1014 3816 1188 3878 Beatissimo
1205 3817 1300 3894 Papa.

71 3919 207 3978 sanctor.
224 3917 305 3976 lunii
319 3931 385 3994 pag.
404 3913 482 3991 476.)
491 3913 576 3974 Haec
590 3917 723 3993 utyestu
741 3930 790 3975 ra

63 4010 228 4093 seranna,
250 4006 392 4069 retulisse
419 4013 563 4069 asserunt
587 4006 672 4069 ilum
689 4008 787 4088 ipsum
915 4007 1064 4067 Damasus
1085 4005 1253 4082 Episcopus
1271 4001 1359 4061 Urbis
1377 4000 1487 4060 Romae
1583 4026 1588 4035 ·

63 4122 117 4184 qur
113 4102 245 4164 eosdem
256 4101 408 4162 rmuemrt
415 4103 568 4182 Martyres
581 4101 783 4180 (Dorotheum)
995 4100 1175 4174 Hieronymo
1192 4093 1392 4173 Presbytero:
1500 4120 1505 4127 ·

65 4203 95 4258 et
109 4193 150 4257 ob
171 4194 222 4257 illo
249 4195 390 4256 didicisse
413 4197 576 4256 Damasum
598 4194 787 4276 Pontificem,

62 4309 157 4372 quum
178 4295 277 4351 aetate
299 4288 416 4370 puerili
432 4307 491 4368 per
517 4289 621 4351 eadem
652 4294 786 4370 temporo
880 4287 998 4350 Gaudet
1015 4281 1153 4349 Ecclesia
1173 4288 1222 4343 tuo
1240 4280 1353 4364 sonte
1333 4299 1404 4363 yam
1422 4275 1557 4353 satiatu,·
1566 4345 1569 4349 ,

61 4382 120 4447 sub
139 4385 286 4465 Haqistro
301 4384 511 4458 ministraret,
536 4390 566 4444 et
581 4384 623 4445 erl
641 4400 784 4464 maenum
838 4380 1008 4461 etamplius
1021 4379 1085 4443 salet
1093 4377 1257 4441 curiositas
1269 4380 1433 4458 temporum
1448 4374 1557 4435 Sacer—

61 4483 213 4541 cresceret
227 4496 334 4539 rerum
347 4476 484 4552 4444444,
502 4482 573 4538 tunc
584 4481 719 4540 Humana
734 4480 785 4539 Le·
837 4475 989 4552 dotalium
1000 4481 1037 4537 ut
1047 4473 1127 4557 pund
1137 4472 1259 4553 diyaum
1274 4475 1328 4546 est,
1343 4470 1553 4548 copnescatar5

60 4580 126 4635 cler
142 4573 175 4633 in
192 4572 336 4634 Ecclesia
355 4576 434 4634 Post.
450 4570 524 4633 boec
541 4577 651 4633 cuncta
674 4589 783 4632 memo-
837 4570 918 4651 quod
943 4569 1115 4649 iudr'ynum,
1144 4570 1317 4647 respuetur.
1344 4558 1554 4623 Verumtamen

60 4684 151 4730 rasse
167 4685 204 4728 oe
220 4667 381 4730 mandasse
399 4665 530 4742 litteris,
548 4682 617 4727 cum
633 4662 783 4726 illiusm-
833 4670 919 4743 peste
935 4663 1131 4744 Pontitlcum,
1148 4675 1227 4740 puae
1242 4656 1396 4738 potuimus
1416 4651 1553 4737 reperire

60 4781 130 4824 mae
145 4759 566 4841 amiralmumminin
582 4759 614 4820 in
627 4759 786 4838 tutamine
836 4756 967 4819 r'nSedis
982 4762 1104 4819 44444444
1120 4753 1237 4829 stadio,
1258 4750 1300 4812 od
1322 4755 1405 4812 taam
1421 4745 1556 4810 charias-

60 4857 168 4937 eipatu
180 4853 308 4936 polleret
320 4855 468 4918 Ecclesia
478 4858 585 4919 lt'esoio
602 4853 682 4917 uude
699 4871 783 4917 acce·
837 4859 894 4914 4444
914 4850 1077 4931 pandentes
1098 4849 1280 4912 direximus.
1308 4846 1372 4906 Dra
1390 4861 1450 4926 pro
1469 4839 1556 4905 nobr's

38 4953 162 5032 ‘parint
181 4950 408 5012 centuriatores
434 4950 707 5030 Hagdeburgenses
723 4950 780 5027 tv,
835 4947 878 5010 eil
905 4952 1040 5011 sanctam
1065 4943 1340 5019 resurrectionem,
1368 4938 1490 5024 staur,
1527 4942 1556 4998 et

66 5049 110 5110 l0.
123 5064 188 5125 pag.
162 5043 270 5105 0748.
282 5046 496 5123 Hieronymum
507 5046 681 5108 meminisse
693 5061 782 5105 ermr-
835 5041 1054 5125 comreshyter.
1082 5038 1178 5103 Vale
1166 5035 1332 5103 tricarim
1348 5038 1408 5098 Deo
1417 5083 1427 5114 ,
1451 5039 1481 5094 et
1495 5033 1551 5091 Do-

857 5197 884 5277 *t
