3464 5318
708 288 969 372 4444444
1540 322 1581 382 ῃ

108 412 288 479 444οΕ4443
314 413 464 478 Moritur
492 417 656 496 Senensis,
678 420 799 483 Ordinis
853 420 914 483 dini
942 426 1021 489 taos
1039 419 1101 502 t.·¹⁰,
1119 432 1153 486 ut
1169 427 1243 489 alios
1271 432 1432 508 separatim
1456 430 1495 493 ab
1510 431 1577 491 44444
1617 496 1620 500 ,

68 507 218 573 4444444444
230 508 407 571 administer
417 509 572 570 Generalis
582 513 634 588 qui
649 512 729 575 diem
739 513 796 575 44.
851 514 947 576 editos
969 523 1155 595 prueteram,
1174 518 1358 597 (dequibus
1380 522 1507 601 singulis
1524 539 1580 584 suo

68 603 149 665 4423
165 604 299 683 lupatria
314 602 386 663 obiit
398 646 405 676 ,
416 608 520 664 auctor
534 609 681 675 tractatus
693 605 729 666 de
744 606 798 669 lu-
852 608 934 685 loco)
955 607 1076 683 Rodum,
1093 609 1234 673 liiedard.
1261 612 1364 687 Vllum
1382 612 1577 690 liudmerurn,

65 694 145 759 rit'cio
160 700 192 758 ct
210 693 403 757 Antichristo.
430 697 554 774 Incipit:
578 695 677 761 tribur
702 698 796 763 modic
853 699 1457 782 64444444.Ν444449444444,14.444444444
1471 705 1582 767 4440444-

65 787 200 861 tornines
219 786 383 865 docentur,
400 787 556 867 exemplo,
574 791 748 871 magisterio
768 800 797 854 et
851 800 1026 872 gtonensem
1040 841 1047 870 ,
1061 802 1093 855 et
1107 794 1187 873 quod
1204 795 1373 857 Florentius
1390 798 1518 859 libenter
1534 815 1581 859 se-

61 879 193 961 44494444.
532 892 540 912 “
850 893 959 961 cutus,
976 892 1043 961 est,
1063 885 1230 949 chronicon
1249 889 1437 949 8444444444
1453 906 1471 951 a
1487 889 1578 951 (iliri-

83 972 496 1046 nuestusrtucuuous
504 977 796 1041 Reatinusexmilite
850 987 898 1039 sto
913 985 983 1041 nato
996 977 1034 1040 ad
1052 980 1130 1041 4464
1145 978 1225 1058 qood
1247 983 1393 1060 scriptum
1409 981 1581 1060 Auglo-Sa-

65 1066 231 1131 Monachus
243 1072 336 1146 atque
352 1085 390 1130 ex
399 1069 507 1131 Primis
522 1070 587 1131 llll.
600 1072 630 1130 S.
645 1072 794 1137 Francisci
850 1073 968 1145 ironice,
986 1070 1040 1131 sed
1059 1088 1130 1132 curn
1151 1073 1256 1141 Latina
1277 1075 1414 1135 versione
1431 1080 1462 1134 et
1482 1073 1580 1135 iudico

63 1160 243 1238 sociis,·qui
259 1156 317 1221 44.
329 1159 407 1222 teto
424 1161 619 1222 iu-Coouobio
631 1163 746 1242 Graecii
763 1164 795 1222 in
849 1162 1071 1242 Geograpbico,
1086 1181 1253 1242 mappaque
1270 1164 1472 1245 Geograpbica
1485 1165 1579 1225 edidit

61 1253 286 1325 4444444444444
300 1270 372 1315 cum
383 1255 450 1315 aliis
466 1254 583 1315 duobus
598 1257 686 1317 sociis
697 1259 795 1316 Leone
849 1256 1031 1323 Edmundus
1043 1257 1155 1319 Gibson
1169 1303 1177 1334 ,
1190 1257 1360 1336 Episcopus
1374 1257 1462 1318 bodie
1479 1257 1580 1318 lauda

61 1352 95 1409 44
109 1345 220 1409 Rufino
234 1345 355 1424 scripsit
378 1346 474 1408 Vitam
489 1350 521 1410 S.
538 1346 699 1408 Fromisci
716 1365 794 1429 quae
849 1351 987 1411 tisrirnus
1004 1348 1211 1409 Londinensis.
1230 1348 1336 1423 Oxonii
1354 1349 1432 1417 4602
1450 1349 1477 1411 4.

62 1435 201 1521 woodo
227 1437 321 1499 trium
339 1437 489 1500 sociorum
516 1440 691 1519 appellatur.
720 1440 794 1502 Vide
887 1443 916 1505 4.
932 1440 1263 1507 644444440444044
1279 1458 1385 1501 rerum
1405 1440 1578 1520 Scriptores

62 1531 313 1610 Waddiugump
332 1532 380 1593 46.
848 1534 1256 1614 vetustiorer,lleidelbergae
1266 1534 1345 1612 apud
1361 1536 1577 1612 Hieronymum

102 1622 275 1712 liiclturdur
298 1623 335 1685 444
361 1622 622 1699 inconvicto,
643 1626 720 1689 inira
742 1627 793 1687 444-
847 1629 1068 1691 Commelinum
1095 1626 1173 1694 4687
1202 1628 1249 1698 444.
1277 1625 1411 1708 Gulsridi
1425 1620 1579 1695 444444444-

61 1717 242 1782 cuntibus
258 1717 295 1781 de
310 1719 406 1797 Bury.
448 1772 450 1777 .
849 1723 965 1782 theosis
978 1768 985 1797 ‚
1000 1727 1199 1800 cognomento
1215 1718 1348 1781 Artduri
1359 1719 1397 1780 de
1415 1721 1530 1798 origine
1545 1726 1577 1780 et

98 1810 364 1873 sambuculus
387 1810 486 1871 abbas
504 1807 709 1883 Centuiensis,
726 1813 792 1874 sive
847 1817 941 1892 gestis
956 1816 1072 1890 Regum
1094 1815 1283 1889 Britanniae,
1298 1813 1363 1873 iibri
1380 1815 1445 1875 xil.
1464 1812 1580 1873 Pontici

60 1906 93 1969 s
105 1901 398 1978 RmdoriiinGallia,
408 1901 488 1981 apud
498 1903 638 1965 Carolum
646 1921 791 1982 magnum
850 1905 968 1968 Virunii
982 1907 1103 1967 historia
1118 1907 1288 1966 Britannica
1304 1924 1342 1966 ex
1354 1905 1477 1967 Gallridi
1494 1906 1577 1966 libris

60 1997 224 2074 gratiosus,
232 1997 361 2074 quicum
369 1998 791 2057 cousuevitliomerumsuum
846 2001 884 2060 vl
902 1997 1050 2078 prioribus
1067 1998 1472 2076 incompendium,omissis
1494 1999 1577 2061 iabu-

61 2087 223 2168 appellare.
249 2088 326 2164 Ejus
350 2090 483 2149 carmina
508 2086 655 2165 quaedam
672 2095 792 2150 servata
847 2092 1103 2168 losis‚coutmctu.
1116 2088 1222 2151 Gildoe
1233 2091 1382 2168 Sapientis
1393 2091 1526 2169 Epistola
1537 2090 1575 2151 de

60 2182 102 2242 ab
115 2181 249 2253 4444444444
266 2183 296 2240 44
308 2178 375 2258 ejus
392 2182 463 2245 vita.
478 2180 589 2240 Exstat
603 2180 652 2241 illa
669 2182 698 2240 in
709 2180 792 2242 44444
846 2182 961 2247 excidio
983 2183 1162 2243 Britanniae.
1184 2181 1283 2243 Bedue
1304 2183 1369 2243 libri
1381 2184 1410 2246 r
1431 2185 1575 2245 llistoriue

60 2276 245 2343 sanctorum
261 2275 298 2337 48
313 2273 465 2347 Februarii
480 2279 569 2333 tomo.
582 2274 621 2332 lll
634 2317 641 2348 ‚
652 2291 717 2351 pag.
733 2276 790 2336 400
845 2277 1075 2340 Ecclesiasticee
1086 2276 1194 2335 Gerrtis
1210 2273 1376 2352 anglorum
1388 2319 1396 2350 ‚
1407 2292 1478 2336 curn
1495 2273 1575 2337 444·

59 2375 92 2429 44
109 2370 142 2431 in
158 2365 244 2429 44444
259 2367 380 2430 Ordinis
396 2367 426 2425 S.
445 2365 597 2427 Benedicti
613 2365 792 2427 4444444οηί4-
847 2371 930 2446 nymi
947 2365 1170 2433 continuatioim
1187 2367 1270 2428 libris
1292 2368 1331 2429 lll
1349 2367 1387 2427 ab
1403 2364 1491 2429 4444
1517 2366 1571 2428 734

60 2462 119 2523 nis.
134 2459 209 2521 Vide
236 2461 402 2537 Lerserum
418 2457 456 2518 de
485 2459 582 2536 po'etis
607 2458 697 2518 medii
724 2460 790 2519 aeri
846 2462 883 2529 ad
909 2461 985 2523 4400
1009 2458 1166 2521 Guilielmi
1187 2459 1400 2538 lieubrigeusis
1421 2458 1458 2519 de
1485 2460 1576 2520 rebus

60 2572 129 2633 pag.
147 2553 216 2617 470.
682 2568 684 2572 ’
845 2554 978 2631 dnglicis
995 2553 1059 2613 libri
1077 2549 1299 2627 4441444444
1320 2549 1500 2613 Froitcordi
1514 2553 1576 2630 epi·

101 2643 666 2722 ANGlLBEllTUS,siveliupildertus
681 2643 791 2707 Corte
845 2654 926 2709 tome
945 2644 982 2707 do
1000 2645 1086 2706 bellis
1101 2644 1266 2721 Anglorum
1283 2651 1315 2704 rt
1332 2645 1495 2726 Gallorum.
1628 2696 1631 2701 .

53 2739 155 2820 jemu
170 2738 273 2801 libbas
289 2740 368 2799 cirea
387 2737 443 2799 44.
461 2738 494 2799 C.
512 2738 570 2798 860
593 2754 791 2815 versusque
887 2740 914 2799 3.
928 2737 1187 2818 inculcentur
1200 2736 1330 2796 *rerum
1341 2735 1502 2816 scriptores
1509 2740 1577 2814 pou

58 2834 148 2895 scam
165 2832 312 2910 elegiacos
328 2833 483 2911 praemisit
499 2831 633 2911 aliosque
650 2830 791 2891 44444444-
845 2831 968 2893 mmm.
974 2830 1137 2912 praecipui
1146 2877 1153 2907 ‚
1176 2831 1214 2891 ab
1234 2828 1401 2891 llliNlthO
1426 2826 1577 2895 saviolo

60 2935 126 2989 tros
136 2924 294 3003 subjunxit
304 2924 378 2985 libro
394 2926 423 2984 S.
435 2923 595 3001 Augustini
609 2922 647 2985 do
658 2923 791 2985 doctrina
845 2924 917 2985 editi
928 2926 1019 2986 Loud.
1032 2923 1110 2985 46446
1121 2930 1152 2983 44
1169 2924 1267 2984 recusi
1284 2922 1418 2982 Francoi.
1435 2921 1506 2983 4604
1525 2921 1572 2982 444.

60 3019 255 3095 Christiana,
284 3034 382 3095 quem
407 3017 515 3077 obtulit
545 3016 695 3079 Ludorioo
719 3019 791 3095 Regi
849 3016 1001 3081 Willielmi
1016 3019 1188 3090 Somerset,
1205 3014 1340 3075 tlonachi
1361 3020 1392 3072 et
1412 3012 1572 3074 Bibliothe-

59 3116 246 3175 Fraucorum
257 3110 464 3173 Garolomanni
474 3109 565 3170 444444.
576 3109 793 3187 Utrosqueedi-
843 3111 915 3169 carii
930 3107 1205 3171 llolmeelruriemir
1221 3107 1259 3167 de
1276 3107 1369 3185 gestis
1383 3107 1498 3182 ltegum
1509 3103 1571 3165 44-

60 3205 106 3269 dit
125 3205 321 3267 liubillonius.
339 3208 360 3260 t.
378 3202 413 3262 44.
436 3199 603 3263 4444444444.
622 3219 650 3279 p.
670 3200 728 3263 667
745 3219 790 3280 sq.
844 3203 960 3280 giorum
972 3203 1037 3264 iibri
1053 3203 1086 3262 V.
1096 3201 1250 3262 4444444444
1268 3198 1403 3257 novellae
1419 3196 1484 3256 iibri
1503 3197 1529 3256 44
1541 3202 1573 3256 44

61 3303 156 3376 atque
171 3294 243 3357 edit.
259 3312 354 3360 novae
372 3296 401 3353 in
420 3293 469 3353 iol.
486 3310 552 3371 pag.
572 3294 638 3356 446.
665 3340 668 3344 .
845 3295 883 3357 de
893 3296 986 3373 gestis
997 3294 1173 3356 Pontificum
1183 3289 1347 3371 Auglorum
1360 3289 1484 3349 librilV.
1495 3289 1574 3350 Hen-

101 3389 349 3452 ANGLICORUM
360 3387 793 3449 ilistoricorumv'eterumrol-
845 3386 906 3449 rici
914 3384 1200 3466 lluntingdoniensis
1213 3380 1420 3444 drchidiaconi
1432 3383 1572 3443 ilistoria-

62 3484 211 3565 lectiones
220 3482 367 3547 imotenus
381 3481 479 3542 lucem
493 3479 635 3541 viderunt
646 3478 703 3539 bue
712 3484 791 3551 octo:
846 3499 913 3542 rum
932 3481 997 3543 iibri
1010 3481 1086 3541 Vlll.
1101 3476 1211 3557 lioperi
1221 3473 1407 3539 dellouulou
1420 3474 1573 3536 annalium

104 3578 131 3639 4.
148 3573 331 3637 4444444444
358 3572 541 3646 rancum,
569 3570 790 3650 drobiepiscopi
846 3570 1426 3653 parsprioretposterior.chronicorum
1437 3566 1578 3630 lilworrli

61 3669 309 3740 (lantoniensis,
326 3669 377 3745 qui
399 3664 622 3743 Antiquitatum
645 3665 793 3725 Britanni·
846 3669 911 3727 sire
928 3664 1187 3727 litbelruerdilibri
1202 3665 1240 3727 lil
1251 3670 1283 3724 et
1294 3660 1436 3742 ingulphi
1450 3659 1575 3725 Abbatis

61 3777 167 3823 corum
184 3761 403 3838 peritissimus,
421 3758 583 3836 pluresque
605 3756 644 3816 de
665 3757 723 3817 illis
741 3772 793 3815 ve-
846 3759 1079 3836 Croylandensis
1107 3758 1298 3817 historiarum
1316 3755 1390 3814 liber
1407 3755 1429 3814 l.
1450 3750 1576 3831 subjuu-
1695 3819 1698 3825 ,

62 3854 328 3931 teresscriptcres
351 3853 552 3929 vulgaturus,
570 3847 695 3915 Londinyi
714 3847 790 3909 4670
844 3852 950 3913 etisab
961 3851 1074 3913 editore
1084 3852 1170 3911 testis
1181 3851 1295 3926 lte-gum
1310 3854 1341 3907 et
1354 3846 1573 3926 Episcoporum

61 3947 110 4008 444.
128 3944 222 4007 edidit
236 3943 381 4007 Hutiuei
395 3941 728 4011 westmonasteriensis
740 3941 792 4001 llo
844 3942 968 4023 Angliue
998 3959 1094 4020 usque
1121 3941 1159 4001 ad
1187 3938 1383 4000 Wiibelmum
1413 3937 1572 4015 conque

62 4055 113 4101 res
130 4039 327 4106 ilistoriarum
343 4044 375 4097 et
397 4034 474 4097 4574
493 4034 540 4095 444.
566 4032 691 4093 Tiromue
711 4029 792 4097 Wal
849 4042 972 4096 storem.

60 4129 215 4210 situlum
233 4130 393 4191 Historiam
414 4126 558 4205 Augilas,
576 4127 678 4203 illique
690 4120 792 4201 junxit
887 4130 914 4188 4.
928 4126 1122 4188 Gt'lLlEthll
1144 4121 1337 4187 GAMBDENl
1356 4118 1574 4201 Anglicormn,

61 4225 252 4292 dSSEltlUll
281 4225 494 4291 Menevensem
522 4219 560 4280 de
587 4221 650 4279 vita
678 4218 792 4280 AEllrici
845 4218 1103 4294 llibernieurum,
1129 4214 1404 4277 Normonuicurum
1429 4217 1458 4273 et
1487 4211 1576 4273 Com-

63 4319 173 4397 blogni.
849 4313 1004 4375 tricorum
1023 4327 1128 4372 rerum
1148 4307 1329 4389 scriptores,
1343 4305 1477 4367 Franooi.
1497 4303 1575 4365 4604

103 4409 224 4472 Parkeri
240 4409 388 4469 invitatus
406 4405 544 4482 exemplo
560 4398 792 4466 wltlffiatlus

63 4499 181 4563 WA'TS
201 4503 230 4561 ¹⁰
259 4501 357 4562 lucem
384 4499 508 4578 prmum
533 4493 677 4557 Matthaei
702 4492 794 4556 pm
889 4523 1151 4587 'rmnnorucerm
1164 4519 1254 4570 4444444
1266 4515 1580 4575 monmueuto,trtmertrl

63 4595 247 4673 praeclaram
260 4592 400 4671 majorem
412 4592 571 4652 ilistoriam
582 4587 706 4647 Londini
718 4586 789 4648 4674
845 4605 880 4662 r,
894 4594 1172 4665 ringelemensem
1185 4591 1300 4644 corium
1309 4590 1403 4641 strurtt
1423 4586 1581 4638 otomroeu

63 4695 96 4747 cg
110 4688 232 4767 saepius
248 4685 356 4747 deinde
373 4701 511 4746 recusam
527 4682 627 4758 Tiguri
644 4680 720 4741 4606
742 4682 794 4740 pa.
845 4678 973 4726 4144444444
986 4686 1042 4735 cop.
1053 4673 1077 4721 o.
1098 4674 1255 4719 dermannus
1274 4665 1415 4714 bleterlcus
1426 4660 1578 4713 nutemus

64 4780 145 4840 usos
163 4778 240 4842 4444
255 4785 286 4838 u
299 4776 391 4838 rone.
410 4777 507 4850 4444,
527 4773 603 4835 ruer
625 4772 700 4832 rotro.
714 4773 796 4833 cur·
844 4735 1579 4886 tssflggffiffioggfflf‘lgfugffilssg{iffi

66 4871 218 4933 '‘ELMUS
238 4887 311 4930 vem
331 4868 547 4931 UOWARDUS
567 4863 712 4927 Flm'e'ffi
734 4864 795 4927 wi·
847 4839 975 4947 ι1444444440
987 4894 1151 4944 llenekouius
1164 4889 1196 4938 ud
1206 4886 1317 4947 tungtetl
1329 4883 1364 4935 du
1377 4889 1488 4945 Fresnop
1502 4883 1581 4941 isago-

65 4961 235 5043 corbiensis
246 4962 412 5028 Chronicon
424 4961 532 5040 publici
546 4959 628 5046 juris..
641 4960 710 5021 lecit
721 4961 796 5020 Lon·
847 4984 895 5034 gon
908 4973 933 5021 m
947 4970 1084 5021 uterorum
1097 4972 1157 5014 rom
1173 4966 1193 5011 u
1207 4975 1232 5024 p,
1244 4961 1289 5038 441
1307 4966 1355 5011 rte.

1191 5066 1230 5128 ts
