3458 5332
123 352 185 415 2th
664 338 1093 406 contiunculas

124 458 289 531 Bloncam,
315 453 475 533 Hispaniae
500 452 654 531 Beginam.
683 450 848 530 Speculum
901 450 1101 515 Bibliothecae
1113 451 1253 513 Fratrum
1266 449 1390 512 Ordinis
1402 450 1562 513 lituorum
1574 466 1637 515 mc

125 553 253 615 animae.
270 551 313 609 De
330 546 436 608 decem
448 547 627 627 Praeceptis.
642 544 780 606 Formula
797 560 849 604 au·
903 552 1078 620 morantur,
1095 544 1170 607 haec
1187 552 1278 606 sunt:

127 662 177 709 rea
187 644 225 705 de
239 640 381 723 gradibus
388 629 551 702 Virtutum.
563 639 752 700 ltinerarium
766 654 850 698 men·
918 697 920 701 ,
943 642 1069 703 Summa
1091 638 1314 702 Grammatiaae
1332 637 1554 720 munima
1574 641 1637 702 lae.

127 742 167 800 tis
184 740 215 797 in
230 736 347 797 DEUli.
360 736 404 794 De
420 740 538 811 septem
552 732 709 793 itineribus
722 731 850 792 aeterni-
903 734 1065 806 Quaeritur
1078 738 1184 795 utrum
1197 733 1358 795 conclusio.

128 833 208 893 tatis.
233 825 384 890 Stimulos
398 826 497 886 bivini
514 826 644 904 amoris,
658 824 770 887 Gallice
790 840 850 885 nou
948 825 1106 887 Tractotns
1116 824 1288 905 topicocdc
1299 822 1395 905 spen
1404 824 1637 889 animrcolvbrrr

126 924 242 1005 pridem
253 919 695 998 versuseditusqueseparatim
706 916 851 979 aGndello
905 918 936 979 in
959 923 1091 1000 quatuor
1112 924 1225 998 partar-
1244 916 1438 995 melmae,
1456 920 1522 981 luc.
1550 922 1636 985 Circa

128 1017 248 1079 Parisiis
265 1014 343 1076 trra
361 1014 408 1075 lt.
429 1015 560 1073 Parvum
577 1012 708 1086 bonum,
726 1012 792 1071 sive
806 1011 852 1069 in-
905 1014 989 1091 signa
1005 1012 1196 1072 universalia.
1429 1040 1432 1045 ·

127 1109 268 1173 cendiam
282 1108 402 1169 amoris.
415 1105 636 1168 Exercitiorum
650 1104 850 1184 spiritualium
944 1098 1136 1181 Quaesn'ones
1151 1120 1245 1184 saper
1261 1102 1355 1167 tidros
1370 1102 1408 1165 do
1423 1105 1631 1168 Generatim

128 1203 266 1279 libellus,
279 1199 505 1261 Fascicularius.
523 1198 633 1277 Vrgrntr
643 1214 778 1277 qumque
789 1214 853 1257 me-
903 1198 1065 1271 Quaeritur
1080 1214 1119 1259 an
1135 1198 1269 1259 scentia

128 1295 272 1357 morialia.
299 1291 531 1355 contessionaie.
558 1292 602 1351 De
629 1293 744 1351 ratione
760 1288 852 1351 nontl-
946 1288 1318 1372 Quaestioaessnperliit.
1333 1290 1523 1372 Topr'corrrrn.
1533 1292 1626 1355 Omne

128 1388 222 1450 tendi.
234 1388 421 1466 Depurrtate
432 1385 631 1447 Conscientia
643 1386 854 1463 Depraepara-
902 1384 983 1465 quod
999 1385 1160 1463 appetitur.

126 1485 208 1542 trane
218 1479 387 1543 Sacerdotis
396 1477 433 1538 ad
441 1480 573 1542 illesam
578 1478 852 1555 Expositiobiissae.
947 1476 1140 1554 eroestiones
1168 1492 1262 1558 snper
1286 1474 1395 1540 Libros
1420 1477 1622 1541 nerem.

127 1577 171 1636 lie
183 1592 238 1635 sex
249 1574 305 1635 alis
314 1572 488 1634 Cherubim.
499 1572 543 1631 De
552 1586 608 1631 sex
621 1569 677 1631 alis
686 1570 854 1651 Seraphim.
908 1571 1069 1643 Quaeritur
1083 1577 1186 1632 utrum
1204 1572 1339 1632 seientia.

388 1663 491 1726 ΤΟΜΟ
511 1662 588 1724 Vlll.
947 1661 1098 1743 Epistulae
1113 1661 1236 1743 aliquot.

169 1762 249 1822 Pars
277 1755 497 1841 opusculorum
522 1760 645 1837 quarta
671 1758 715 1817 De
744 1757 852 1837 triplici
943 1754 1083 1819 Pastillos
1100 1756 1131 1817 in
1148 1754 1274 1820 Comata
1289 1755 1496 1820 Camenam.

129 1860 212 1917 statu
231 1853 456 1931 Religiasorum.
486 1850 650 1929 Speculum
679 1849 852 1929 disciplinae
932 1850 1106 1912 'Tractatus
1132 1866 1224 1929 super
1250 1851 1299 1911 illa
1327 1851 1423 1915 verba
1445 1853 1552 1915 Psalmi
1574 1855 1610 1919 ta.

126 1945 519 2028 propterliovitios.lliginti
533 1958 643 2025 passus
654 1943 852 2015 it'oritiorum.
909 1943 1031 2018 Vocnte,
1048 1947 1079 2004 et
1089 1942 1203 2019 videte,
1217 1942 1360 2023 qnoniam
1380 1960 1434 2025 epo
1449 1963 1517 2009 non
1535 1948 1604 2009 daur.

126 2042 162 2102 ln
177 2039 323 2120 Regulam
339 2040 534 2099 Navitiomm.
552 2038 595 2097 De
614 2036 760 2097 Processu
775 2036 853 2097 ileli-
906 2037 967 2097 luo.
984 2037 1070 2099 Sicut
1086 2038 1165 2098 inter
1178 2038 1287 2098 omnia.
1486 2058 1489 2065 ·

129 2135 234 2213 glanis.
245 2134 456 2193 becontemtu
469 2129 578 2191 Seculi.
589 2128 853 2192 Dereiormatione
949 2128 1138 2191 Truentus
1125 2146 1158 2189 m
1172 2146 1237 2209 cap.
1255 2128 1473 2193 titizeclrrelir.
1490 2134 1602 2261 Gunrs

127 2229 247 2289 mentis.
266 2224 467 2304 Alphabetum
478 2238 606 2302 parvum
623 2221 849 2283 bouillonachi.
906 2224 1017 2283 semin
1034 2222 1143 2284 medio

125 2322 169 2382 De
178 2320 359 2400 perlectione
369 2319 469 2395 vitae
486 2314 523 2374 ad
540 2315 672 2374 Sorores
685 2314 851 2376 Declaratio
944 2315 980 2375 In
995 2332 1060 2397 cop.
1082 2313 1275 2396 tdq'nsdem
1293 2272 1479 2396 ingredere'
1472 2337 1501 2381 rn
1519 2317 1598 2380 melin

125 2413 256 2491 liegulae
275 2412 431 2471 Minor-um.
455 2406 725 2469 Determinationes
753 2407 851 2479 Quae·
943 2410 981 2469 ln
995 2426 1061 2490 cap.
1078 2408 1310 2490 tApocoippsis.
1328 2410 1596 2483 Quatuoraniuulia

126 2500 484 2566 stionumcircaeandem
500 2500 653 2578 Regulam.
666 2500 765 2573 Quare
780 2504 850 2563 Fra·
944 2503 979 2563 ln
1005 2506 1105 2583 capt
1132 2502 1273 2584 ejnsdorn.
1301 2503 1392 2564 Vidi'
1385 2521 1416 2565 m
1443 2505 1598 2569 deuiam

126 2605 190 2658 tres
205 2597 333 2657 itineres
343 2592 515 2673 praedicent
523 2599 554 2654 et
573 2593 786 2654 consessiones
797 2611 849 2656 au·
903 2597 1014 2659 dentis.
1203 2618 1206 2623 ·

125 2689 218 2749 diant.
240 2689 283 2748 De
297 2690 472 2765 paupertate
486 2686 621 2763 Gllristi,
638 2693 743 2748 contra
758 2688 848 2766 blagi-
940 2691 977 2751 tn
986 2690 1163 2752 nnmerum
1172 2687 1382 2772 Apocalypsin
1393 2685 1593 2754 Commentatio-

124 2790 223 2845 strum
232 2774 450 2842 tinilelmn'rnde
459 2776 641 2855 simne·
652 2774 848 2841 Matisconen-
902 2783 1106 2844 Praemittitur
1119 2783 1189 2845 buic
1205 2783 1287 2844 libro.

124 2892 191 2938 sem
204 2876 398 2937 Canonicum.
413 2873 500 2950 (vide
509 2875 654 2936 Bzovium
667 2874 705 2935 ad
725 2873 847 2936 Annum
940 2877 1126 2957 opusculum
1143 2876 1353 2939 doctissimum
1364 2876 1480 2940 dictum
1498 2872 1597 2940 telon

19 2989 24 2996 ’
125 2966 847 3048 t257num.llQuodCliristusetllpostolinu·
899 2964 1404 3051 commatuminquopermulta
1413 2975 1596 3051 capiteomon

123 3058 847 3141 dispedibusincedebant,sivedesandaliisltpo-
899 3062 1090 3124 commendat
1100 3065 1368 3138 virtutes,etvitia
1378 3064 1467 3128 docet
1478 3060 1595 3144 lugiooio

124 3157 279 3217 stolorum.
290 3154 430 3234 llpologia
441 3155 639 3234 Evangelicae
648 3158 845 3234 paupertatis,
938 3148 1596 3240 OpusculumdeCorpore,atsonpatnoGitt²

124 3249 273 3311 adversus
290 3245 481 3308 Gerbordnm
496 3247 533 3308 de
548 3245 756 3310 Abbatisoitla.
767 3249 847 3311 Con-
898 3245 946 3309 sti.
961 3248 1006 3310 lid
1024 3250 1166 3311 bonorem
1184 3250 1339 3330 gloriosae.

124 3350 171 3404 tra
206 3343 437 3404 calumniatores
461 3342 592 3421 Regulae
620 3342 844 3404 Franciscanae.
938 3341 1003 3404 Alia
1019 3346 1110 3405 etiarn
1127 3342 1269 3423 pleraque
1289 3346 1449 3423 scripsisse
1473 3348 1596 3408 testamur

122 3435 333 3513 apologeticus
351 3437 381 3494 in
408 3452 460 3495 eos
472 3482 480 3514 ,
494 3437 544 3514 qui
568 3435 671 3496 Ordini
696 3437 843 3497 itinerum
898 3433 1041 3513 plerique.
1058 3438 1163 3498 Sirius
1179 3438 1323 3499 Senensis
1341 3436 1418 3499 libro
1444 3446 1545 3519 quarto
1562 3434 1596 3495 bi·

121 3527 331 3588 adversantur.
342 3528 386 3587 ile
397 3545 455 3587 nnn
467 3528 845 3607 trequentandisquaestu-
897 3526 1061 3589 bliothecae
1076 3530 1234 3608 reliquisse
1250 3531 1312 3605 ait,
1328 3530 1538 3611 compendium
1552 3543 1594 3588 nr·

121 3620 180 3681 bus
194 3618 211 3656 ⁸
227 3618 432 3696 cavendisque
448 3620 642 3684 discursibus.
660 3623 735 3685 Octo
749 3624 845 3686 Golia·
899 3621 1008 3681 bwnm
1033 3620 1422 3705 Sctolosn'cnmntriasqno
1447 3614 1597 3688 immani

122 3714 238 3775 tionum
253 3712 371 3773 libellus
386 3712 423 3774 ad
441 3714 548 3775 iratres
563 3716 726 3777 Tolosanos
736 3735 774 3779 ex
785 3716 847 3778 edi-
900 3713 1040 3777 versibus
1055 3713 1190 3779 rlimetris
1208 3712 1373 3792 lacrimis,
1391 3718 1497 3799 libera,
1512 3718 1597 3779 solun

120 3806 202 3866 tione
214 3804 402 3885 Argentorat.
419 3809 475 3869 An.
490 3810 577 3871 titt.
591 3812 634 3872 lie
651 3810 848 3871 reformandis
903 3823 962 3883 que
979 3808 1161 3886 syllabarum
1176 3810 1254 3890 lege,
1271 3827 1349 3889 quos
1366 3813 1408 3873 ita
1423 3813 1561 3894 disponit,
1573 3808 1596 3864 ul

120 3899 274 3960 Fratribus
289 3899 326 3960 ad
347 3902 498 3963 illinistros
512 3904 712 3966 provinciales
737 3912 768 3965 et
787 3906 847 3967 cu·
902 3901 1019 3979 singula
1031 3903 1379 3967 Tetrasticbasummom
1396 3909 1488 3969 unius
1502 3895 1596 3985 captui

120 3991 233 4053 stodes.
900 3996 1090 4078 contineant,
1106 3996 1174 4073 eius
1188 3999 1306 4058 initium
1326 4001 1370 4061 ait
1388 4016 1471 4061 esse:
1496 3990 1596 4061 dmdt

159 4086 196 4144 In
216 4084 377 4169 appendice
405 4091 622 4169 compendium
652 4091 844 4170 theologicae
892 4085 929 4164 fit
944 4085 975 4146 in
986 4087 1145 4170 principia

118 4178 271 4239 Veritatis.
285 4179 411 4241 Summa
422 4181 461 4243 de
471 4187 623 4256 essentia,
638 4185 843 4246 invisibilitate
938 4182 1045 4241 Petrus
1059 4182 1219 4244 Galesiuus
1236 4183 1266 4242 in
1281 4181 1348 4262 ejus
1367 4188 1441 4248 vita:
1455 4184 1596 4250 udasca-

118 4274 150 4331 et
165 4272 369 4333 immensitate
385 4276 460 4336 lilii.
474 4277 521 4337 De
535 4279 664 4356 mystica
675 4276 841 4356 Theologia.
898 4271 973 4334 toris
984 4273 1177 4352 Testamenti,
1192 4280 1330 4338 etomnes
1345 4275 1441 4341 libror
1451 4280 1519 4343 naci
1526 4288 1596 4354 erpo

118 4364 210 4443 incip.
231 4362 301 4425 Viae
315 4364 387 4427 Sion
403 4364 511 4447 torpent.
896 4367 1015 4445 ruisse,
1044 4369 1155 4430 scribit.
1187 4370 1378 4433 Ptolomaeus
1407 4359 1597 4436 incensioni

130 4458 281 4518 Hactenus
288 4457 419 4538 junctim
432 4460 512 4522 edito
525 4460 829 4525 contradicam
897 4479 980 4523 omne
996 4460 1088 4523 Pauli
1109 4461 1261 4542 Epr'stolos
1279 4464 1515 4529 Commentarios
1535 4460 1596 4526 adli·

426 4553 535 4632 Opera
895 4556 1007 4617 buisse.

158 4641 238 4721 ntra,
256 4662 335 4724 quae
349 4647 378 4704 in
395 4648 487 4706 tomis
503 4645 636 4725 Operum
651 4651 843 4715 Beneventu·
936 4653 1043 4711 Petrus
1055 4642 1231 4729 Rodulphus
1243 4699 1250 4728 ,
1261 4652 1298 4711 ln
1308 4653 1477 4734 linonqelia
1485 4702 1495 4733 ,
1508 4641 1594 4727 eripi

119 4751 170 4796 rae
192 4750 250 4797 non
275 4745 411 4815 exstant,
426 4745 488 4800 eta
515 4740 664 4820 liadding
648 4760 682 4799 on
709 4761 775 4827 pag
792 4748 839 4810 69
896 4740 989 4804 stolas
1003 4747 1044 4802 tot
1032 4743 1091 4803 tius
1107 4743 1182 4802 anni
1197 4746 1373 4823 scripsisse,
1385 4755 1418 4808 et
1432 4764 1507 4827 opus
1521 4753 1590 4806 seat¹

892 4837 1038 4916 cepisses
1055 4839 1213 4897 Laurentio
1223 4839 1336 4917 Campe.
1337 4845 1404 4920 ggio
1418 4837 1592 4903 Feltrensinffl

131 4950 247 5003 ··ltale
271 4955 338 5018 apud
365 4956 563 5022 bellarminum,
590 4963 702 5019 Curcum
729 4971 754 5017 et
778 4965 840 5019 allos
891 4930 1037 5008 Ep¹⁸⁰⁰p⁰
1054 4938 1172 4991 namt
1200 4931 1387 5011 Ιῃὸυρθηη
1413 4930 1591 5014 mmmm

110 5036 231 5077 excusum
251 5030 467 5097 Quaestionem«.
892 5021 1026 5107 Officium
1037 5022 1136 5086 sancti
1146 5023 1307 5087 Froncrscc'
1314 5025 1480 5107 ,Libellum
1489 5019 1592 5109 radim

157 4875 262 4932 'ileon
280 4882 439 4932 Gandavensi
419 4895 514 4946 serp.
530 4884 572 4937 tr.
