3458 5332
587 314 614 373 h
628 314 653 377 ἰ
668 314 695 379 V
709 316 816 379 heb
831 316 891 379 US

146 416 235 497 Opem
245 415 384 496 'Gregorii
400 420 436 482 il.
453 417 490 483 4.
507 422 585 485 4553
599 398 712 485 homae
766 429 922 489 e'trinueet
932 415 1249 507 falsiloquiisinicct‘as
1261 428 1398 505 queritur
1410 322 1488 507 ita?

601 552 607 563 ·
766 520 1487 599 44444,4444444444444444444444444444444

146 604 243 677 titiis,
259 604 329 665 vide
346 606 567 671 4444444448.
764 614 832 676 illac
844 614 1031 693 castigantur
1041 658 1050 687 ,
1062 612 1156 691 edidit
1166 614 1449 681 uortoioccimtom.
1461 616 1483 677 i.

146 698 285 773 4454444
299 697 455 775 Arcadem,
468 702 632 765 Monachus
640 703 708 767 Clu·
761 708 960 769 4444444444
973 706 1151 769 llabbinicae
1164 722 1229 785 pag.
1244 707 1396 771 eleeto.
1408 708 1486 771 adde

150 791 222 855 044.
238 792 362 855 Cutem.
377 800 410 855 ct
425 812 464 855 cx
479 794 595 875 hbbatc
608 796 710 859 hitac-
762 800 915 865 Nicolaum
937 800 1102 863 Antonium
1122 806 1204 865 tomo
1222 800 1263 863 44.
1284 800 1484 865 Bibliothecae

146 886 304 967 spiscopus
323 887 362 949 ub
381 887 438 951 44.
463 890 540 951 itta
559 890 598 951 ab
618 890 706 954 4448.
761 896 875 955 veteris
889 896 1036 975 Hispanae
1062 908 1127 973 pag.
1143 894 1204 955 28⁰
1220 898 1253 955 et
1276 893 1484 961 cornelione

146 978 224 1053 4444,
249 979 288 1041 da
316 980 405 1061 cujus
425 981 563 1045 laudibus
590 992 710 1063 praeter
763 986 1105 1067 iopidcadhpncalppa.
1118 988 1142 1065 1,
1151 986 1204 1049 ubi
1216 986 1345 1065 4444444
1358 984 1482 1051 444444

146 1072 180 1135 ie
195 1074 287 1135 444444
304 1075 334 1133 44
349 1074 531 1137 Bibliotheca
542 1077 645 1139 Ordin.
658 1079 709 1142 Gi-
761 1078 974 1141 ‹liciturtuisse
989 1081 1128 1157 Sentiata,
1142 1080 1322 1156 quietotum
1335 1094 1369 1140 se
1386 1076 1485 1157 prodit

146 1188 163 1245 p
189 1168 237 1231 49.
264 1168 518 1247 chrysostomum
539 1172 709 1251 ilenriquee
762 1172 916 1235 addictum
930 1174 1011 1235 Senti
1027 1172 1197 1235 sententiis.
1374 1234 1377 1239 .

146 1262 198 1341 pio
213 1262 407 1323 cisterciensi
425 1262 447 1321 'i
467 1263 588 1327 ianuar.
603 1271 635 1327 et
647 1266 709 1327 44-
801 1264 1021 1329 anomalus
1036 1262 1259 1345 emonensi,
1272 1270 1377 1327 coutru
1391 1280 1484 1343 quern

146 1356 398 1434 uriqucztoinoll
413 1356 566 1417 annalium
582 1358 707 1422 cisterc
762 1367 895 1441 tempore
915 1360 1014 1421 Caroli
1029 1358 1199 1437 Calvi,·qui
1215 1358 1254 1419 ab
1273 1374 1354 1419 anuo
1369 1358 1428 1417 tto
1444 1356 1483 1425 44

146 1450 187 1527 lii,
196 1447 418 1513 Summauhaui
429 1455 451 1509 t
464 1449 489 1511 44
499 1450 613 1513 Galbae
621 1452 708 1515 Chri-
762 1452 820 1514 8744
836 1455 988 1533 regnavit,
1006 1452 1107 1513 habita
1127 1457 1176 1512 est
1197 1450 1338 1529 synodus
1357 1450 1484 1517 (4444444-

146 1560 184 1621 ig.
206 1542 275 1603 eas
296 1540 374 1620 Ejus
405 1560 558 1607 sermones
580 1545 654 1607 4444
671 1546 708 1608 da
760 1548 869 1609 444444
886 1542 1220 1625 hetaejueai’utribus
1235 1544 1360 1607 Concilii
1373 1541 1481 1621 jussus

146 1634 313 1699 thiderico
332 1634 461 1714 Virpiuie
490 1644 559 1715 post
579 1640 706 1719 primam
761 1641 881 1721 scripsit
889 1638 1009 1715 444444
1014 1641 1164 1703 [baconus
1175 1638 1395 1717 Lugdunensis
1405 1652 1483 1715 quae

161 1730 366 1791 basileensem
393 1730 472 1793 4444
490 1730 568 1795 4547
588 1736 708 1813 saepius
760 1736 843 1795 lisia
858 1732 938 1813 apud
952 1731 1141 1793 nuncianum
1161 1730 1234 1809 legit
1252 1731 1422 1805 44444444,
1438 1736 1485 1791 ut-

146 1830 200 1887 unt
209 1830 275 1885 tum
286 1824 354 1887 alibi
366 1825 475 1885 lumin
488 1823 614 1905 heptade
625 1844 709 1907 prae-
761 1827 1049 1905 accersiturus
1069 1824 1106 1887 ilo
1123 1824 1310 1890 Eucharistia
1322 1840 1387 1902 pag.
1403 1806 1480 1883 tt'ii

146 1916 257 1997 cophili
274 1916 444 1995 haynaudi,
463 1918 601 1997 Lugduni
620 1922 706 1983 444344.
760 1920 899 1982 editionis
912 1922 1033 1981 Latinae
1046 1917 1271 1979 ’4444444444
1288 1918 1379 1991 46445,
1389 1918 1418 1991 44,
1426 1915 1482 1983 hau

146 2010 239 2074 titii
262 2011 309 2073 inl.
326 2012 379 2071 et'
372 2027 401 2071 4
417 2014 568 2073 francisci
585 2014 709 2075 Combe-
762 2014 884 2093 proteri:

146 2104 367 2171 4444444444
381 2106 615 2182 concionatoria,
626 2109 708 2169 Puris
801 2109 891 2169 lineet
907 2108 1032 2185 linquit)
1054 2106 1233 2184 Praeceptor
1262 2101 1399 2181 eprcpiut
1423 2102 1483 2177 (h.

146 2204 175 2259 et
198 2200 361 2277 separatim
378 2216 417 2259 cu
438 2200 641 2275 recognitione
659 2202 709 2263 444-
760 2202 902 2263 melarius
932 2200 1100 2279 Episcopus
1119 2196 1347 2273 Lugdunensis)
1368 2212 1478 2273 corpus

146 2291 311 2357 licoisi.
334 2290 496 2353 hudomari
516 2298 549 2353 ct
566 2290 708 2357 hntwen-
762 2294 887 2357 Christi
907 2310 971 2367 etse
986 2290 1123 2373 triforme
1143 2295 1173 2351 et
1192 2288 1384 2369 tripertitum.
1406 2287 1480 2351 Trio

146 2386 217 2461 ,44
233 2392 325 2463 atquc
342 2384 410 2447 iude
432 2385 523 2447 uuaci
541 2386 708 2459 attestor
760 2406 825 2451 aare
842 2386 967 2453 climati
983 2402 1126 2467 empore,
1156 2382 1294 2445 Primum
1313 2381 1394 2462 quod
1414 2382 1481 2463 ipae

146 2482 216 2543 heca
236 2480 359 2541 Petrum
375 2478 547 2543 (4444444444
559 2477 615 2541 44.
629 2482 706 2545 teet
759 2480 902 2563 coepti:
919 2478 1090 2545 8444444444
1104 2478 1137 2540 in
1151 2474 1236 2537 44444
1248 2476 1305 2555 pei
1315 2492 1406 2557 super
1423 2480 1483 2537 ter-

155 2590 227 2652 pug.
244 2572 303 2633 ’4448
319 2580 351 2633 ct
368 2573 398 2633 in
416 2571 608 2651 lugdunensi
624 2581 707 2637 tomo
759 2594 828 2637 rom
843 2574 1051 2637 4444444444
1072 2571 1206 2633 Tertium
1226 2570 1258 2631 iu
1284 2569 1317 2631 iu
1341 2568 1401 2631 illia
1429 2568 1485 2649 pisi

146 2666 233 2729 4444
254 2682 314 2727 444
344 2664 376 2725 44
402 2666 483 2729 Petri
510 2665 549 2727 ab
575 2664 651 2729 hlvu
674 2676 707 2729 et
762 2664 1218 2751 iepmtijoccot.iioc‹hcocio
1234 2660 1484 2741 husdeberefieri

146 2776 206 2823 utto
216 2760 313 2839 primo
324 2760 423 2836 magui
434 2760 577 2836 liariaiis,
588 2760 704 2823 haunt
757 2766 989 2841 partemcluunt
1008 2760 1041 2821 iu
1055 2756 1148 2820 eoiice
1171 2774 1229 2837 pm
1246 2754 1392 2819 Citriato:
1408 2752 1482 2813 clte-

146 2855 192 2933 444
204 2870 275 2915 non
291 2851 410 2913 dubitat
429 2850 561 2914 444444
578 2854 634 2915 hus
653 2855 707 2915 ho
763 2871 834 2915 rom
849 2854 882 2915 ic
893 2854 1000 2937 polim
1011 2870 1069 2935 pro
1081 2850 1173 2915 uivu:
1189 2848 1315 2911 tertiora·
1337 2847 1370 2909 ic
1387 2846 1484 2909 atari

146 2948 300 3009 inciarouo
320 2946 471 3020 tribucre,
491 2962 562 3008 cum
583 2954 706 3025 tamen,
759 2966 820 3031 pro
832 2946 967 3009 mortitii.
984 2941 1483 3025 Dicitporaemiltumeaseccruem

146 3056 198 3103 uui
210 3040 237 3099 si
250 3038 373 3115 audias,
384 3054 444 3099 nor
456 3038 512 3099 dici
524 3057 582 3101 non
595 3042 636 3100 sit
645 3040 707 3101 dis-
761 3042 899 3117 citrini,
914 3038 1093 3119 mripuicem
1112 3037 1260 3111 444444,
1279 3042 1315 3097 ut
1346 3034 1392 3101 sit¹
1403 3039 1484 3101 lotor

146 3130 345 3195 ianrhmadei
358 3133 517 3210 utriusque
527 3133 636 3213 stylus.
647 3136 708 3195 ita·
760 3134 920 3199 Citrietui.
937 3130 1156 3195 iioeaitomlum
1184 3128 1268 3205 droit,
1285 3134 1388 3189 utrum
1409 3128 1482 3188 Cor·

146 3222 356 3302 iWaddingus
369 3224 497 3285 libenter
510 3224 565 3287 hac
577 3228 607 3288 iu
621 3233 707 3306 purte
756 3246 817 3309 pne
834 3224 960 3291 Cflrt'ati
973 3224 1009 3287 de
1024 3224 1127 3287 Alteri
1140 3228 1291 3303 sumptum
1306 3221 1339 3283 iu
1357 3236 1481 3299 corpere

147 3316 187 3381 ub
209 3319 335 3379 henrico
357 3317 497 3395 Wilioto,
517 3322 569 3398 qui
589 3328 621 3379 ct
642 3321 706 3398 ipae
759 3328 860 3383 ooaho
874 3311 1482 3397 ammotooqueicdiemaepulturcetutt

146 3408 350 3479 lhmedoum
369 3414 618 3489 Franciscuuum‚
639 3419 706 3475 lan-
759 3415 927 3495 recipiotur
938 3410 1169 3477 iwieibrliterin
1180 3404 1481 3485 0444444444444

146 3510 245 3567 torem
258 3505 412 3567 retulerat
761 3504 1173 3581 domminctohmmum
1183 3500 1328 3581 44494444
1338 3496 1481 3581 propom-

146 3596 204 3665 :tis
218 3598 395 3673 Lusitanus,
411 3597 470 3661 atio
481 3600 601 3661 nominc
614 3600 706 3661 tocn-
756 3600 805 3663 44
818 3620 888 3663 cum
903 3600 1032 3663 mereris
1045 3616 1124 3679 pene
1140 3596 1173 3658 io
1188 3612 1222 3657 oa
1238 3594 1367 3669 4444444,
1384 3592 1417 3655 io
1435 3610 1481 3655 ee

146 3689 201 3757 title
214 3689 372 3771 respuo,
385 3691 457 3753 044.
472 3691 662 3755 liborum
637 3710 704 3753 sire
758 3710 875 3756 cereum
902 3690 1045 3763 44444444
1065 3695 1144 3753 ilaec
1164 3690 1271 3752 deliria
1299 3688 1482 3767 quibusnam

146 3783 203 3859 ici,
219 3784 382 3847 deiuuctus
397 3783 453 3847 44.
472 3784 599 3847 titudo
614 3784 705 3862 cujus
760 3790 950 3866 argumentis
988 3788 1148 3848 revincunt
1180 3784 1323 3845 Gallicani
1351 3776 1482 3841 Patres?

146 3875 236 3953 tibet,
249 3880 316 3939 stre
333 3865 418 3939 Notio
436 3874 627 3958 Apccolppai
633 3896 704 3939 con·
757 3878 962 3958 Parilicium,
977 3878 1115 3939 4444444
1120 3870 1482 3957 ,efficitorapiritcaliler

146 3972 276 4035 bzovius
291 3968 381 4034 444.
394 3969 468 4035 4474
491 3988 574 4033 uum.
589 3972 702 4049 illices
761 3975 879 4054 ceput
897 3970 1035 4045 curisti,
1052 3969 1085 4031 iil
1099 3968 1235 4029 44444444
1250 3972 1279 4026 et
1293 3964 1400 4027 4444444
1421 3981 1483 4033 44-

146 4080 174 4127 4
185 4068 215 4127 44
229 4063 395 4127 Annalibus
409 4070 490 4125 tomo
504 4064 542 4125 44
558 4070 591 4125 et
604 4064 656 4127 444
672 4071 708 4131 et
757 4072 840 4130 stine
853 4063 1048 4146 ityeterium,
1064 4062 1096 4125 44
1109 4079 1167 4141 quo
1176 4058 1262 4121 44444
1265 4056 1405 4140 corporis
1414 4074 1482 4121 onie

146 4158 219 4225 been
241 4156 344 4221 Ordiu.
364 4159 466 4224 itiuor
484 4157 534 4219 ubi
553 4159 631 4219 iuter
646 4158 704 4221 alia
758 4160 794 4221 tie
814 4157 901 4221 444444
913 4156 987 4239 fidei
1001 4154 1136 4219 cidenas
1150 4153 1264 4216 444444.
1282 4152 1342 4215 Nee
1363 4149 1395 4213 id
1417 4155 1483 4215 tuti-

146 4258 222 4315 intat
246 4253 443 4315 Posseviuam
461 4249 500 4311 tia
523 4250 628 4313 44444
655 4259 703 4313 444
756 4260 819 4315 444
833 4252 914 4335 qood
926 4268 980 4313 ore
996 4248 1198 4332 percipimur,
1215 4244 1269 4312 aad
1283 4242 1363 4327 puori
1387 4247 1484 4305 mente

146 4333 1507 4422 huominibusitmedei,1lractcrb,ouiemua,crellimua,libumua.bndcputohre.

157 4436 290 4503 immi.
308 4440 439 4508 ilicem,
456 4456 547 4516 quem
570 4440 702 4500 Volater-
756 4438 1073 4521 ettliietaterpetrauu
1088 4442 1212 4515 utquoe
1225 4427 1483 4509 orccoiitiripimttt

156 4534 256 4595 virum
282 4532 375 4595 luisse
400 4534 493 4594 mirae
515 4534 708 4612 maculatis,-
753 4552 837 4617 pmu
862 4537 959 4594 44444
979 4530 1146 4613 cupiuntur.
1162 4528 1268 4593 iteretis
1295 4541 1366 4604 erpo
1383 4520 1484 4585 eiici-

146 4644 269 4705 reipque
285 4627 436 4705 religionis
457 4632 590 4707 tempore
611 4627 702 4704 xysti
757 4624 812 4689 boa
828 4626 901 4704 iate,
917 4622 1118 4688 4444444444
1130 4638 1184 4685 nec
1199 4618 1415 4697 corrumpitur,
1426 4614 1486 4679 444

146 4722 241 4801 psisse
257 4719 404 4799 quaedam
418 4738 501 4781 444
515 4720 701 4799 prophetico,

146 4810 702 4893 ’MMWWWQWPQM
796 4866 855 4916 'tn
875 4864 970 4917 citici
984 4868 1096 4917 1444444
1117 4861 1230 4913 editione
1256 4860 1319 4911 haee
1344 4834 1487 4909 4444444444

146 4904 308 4969 wm⁸
320 4925 342 4967 ⁰
356 4907 438 4969 ⁰¹3⁰
451 4904 500 4969 Μ
510 4904 631 4985 mmm
642 4905 704 4967 ⁸5⁶⁸
751 4944 848 5001 notarit
862 4942 1016 4993 colomeatue
1031 4942 1059 4990 ln
1074 4936 1291 5001 paralipomenis
1286 4934 1325 4985 ile
1351 4932 1486 4997 scriptut-

146 4998 230 5065 terit
247 5000 377 5067 malem
397 5001 633 5083 peregrinatione
648 5000 701 5063 ‹lo-
753 5018 800 5071 44
818 5016 1024 5075 4444444444,
1041 5012 1087 5063 ubi
1103 5012 1135 5063 oc
1149 5010 1234 5063 aloru

1103 5117 1139 5183 lli
