3458 5332
726 831 955 897 VENERANDO
975 833 1026 897 ET
1046 830 1272 897 cinfflssiiio

946 955 1059 1024 VIRO

367 1071 1433 1197 is‘JAcosonnoanno
1530 1072 1534 1083 ·

279 1188 288 1231 '⁴
603 1210 608 1243 ²
685 1218 689 1265 ῖ
742 1206 995 1290 Ecclesiaste
1010 1192 1262 1293 Knihohcnsi

727 1342 768 1439 de.
792 1360 876 1402 sacro
906 1364 994 1425 grege
1021 1369 1075 1406 suo
1105 1368 1166 1405 non
1198 1348 1296 1404 minus

814 1470 904 1528 quam
924 1450 963 1511 ‹io
980 1454 1069 1515 lionis
1089 1455 1194 1512 littoris

789 1616 793 1621 .
855 1561 972 1640 egregio
992 1562 1156 1649 properito

771 1762 950 1857 faustissima—
962 1782 1096 1841 qnaeque
1116 1777 1253 1840 precatur
1284 1840 1287 1845 .

999 1884 1028 1928 et

650 1974 864 2055 Volumen
879 2002 1071 2084 praesens
1097 1992 1257 2058 sa'crum
1285 2005 1372 2057 esse

964 2117 1061 2193 cupit,

801 2239 856 2295 pro
873 2221 1005 2294 jucundo
1026 2216 1089 2296 'ejus
1108 2240 1229 2280 munere

603 2325 704 2400 tomi
732 2327 864 2436 quinti
893 2327 1096 2410 Historiae
1122 2323 1429 2433 philosophicae

776 2481 836 2537 quo
857 2463 945 2520 rebus
966 2469 1057 2526 medii
1076 2465 1139 2524 aevi
1159 2464 1245 2521 etiam

765 2570 816 2625 lux
838 2588 896 2626 non
918 2568 1075 2634 inficianda
1094 2571 1266 2632 accenditur

744 2676 819 2733 hanc
839 2678 1053 2755 qualiscunque
1073 2677 1297 2741 redhostimcnti

872 2784 964 2840 vicem
986 2785 1154 2843 redditurus

765 2945 820 3000 JO.
841 2947 1042 3004 ALBERTUS
1063 2944 1264 3002 FABRICIUS

878 3255 930 3318 An
951 3256 1154 3348 sscnonnn

347 3460 425 3520 Ecce
445 3459 572 3519 alterum
594 3457 740 3520 volumen
762 3457 853 3535 hujus
873 3448 1092 3530 Bibliothecae,
1113 3456 1144 3515 in
1166 3473 1226 3535 quo
1242 3473 1308 3535 pag.
1325 3454 1384 3515 isi
1400 3453 1620 3518 emendandum
1637 3448 1701 3533 quod

309 3555 339 3610 in
360 3568 452 3613 versu
480 3552 644 3613 Eberhardi
664 3552 876 3613 Bethuniensis
896 3552 1005 3612 Gnissi
1025 3550 1062 3611 de
1083 3550 1185 3613 Osidio
1206 3550 1280 3611 Geta
1300 3552 1515 3628 interpretatus
1548 3566 1634 3624 sum,
1652 3550 1703 3608 ent

310 3647 391 3706 on'm
409 3645 457 3705 hic
470 3644 508 3705 de
519 3646 593 3707 Geta
609 3647 637 3705 in
650 3644 868 3725 Amphitruone
880 3647 985 3708 vitalis
996 3645 1101 3707 Gallici
1112 3643 1346 3723 intelligendus,
1364 3643 1401 3704 de
1422 3659 1483 3722 quo
1500 3659 1556 3704 suo
1572 3642 1640 3703 loco,
1652 3638 1703 3700 Non

349 3738 452 3800 dubito
462 3739 519 3800 alia
532 3739 625 3800 multa
636 3753 705 3800 esse
720 3741 871 3819 inquibus
884 3742 1047 3801 venisTua
1062 3739 1133 3800 mihi
1149 3741 1189 3799 sit
1203 3755 1294 3817 opus,
1310 3737 1363 3798 sed
1376 3754 1486 3818 gnarus
1498 3737 1554 3799 has
1568 3737 1675 3797 litteras

370 3835 456 3895 aliter
466 3835 556 3912 quim
568 3841 602 3893 ut
614 3832 678 3893 dies
695 3832 775 3894 diem
792 3833 907 3906 doceat,
924 3850 984 3894 non
1001 3838 1158 3906 constare,
1175 3833 1374 3909 consciusque
1387 3830 1478 3891 studii
1489 3830 1566 3909 quod
1579 3829 1658 3892 attuli

439 3944 570 4005 sumque
591 3943 697 4006 porro,
720 3928 863 4014 largiente
886 3927 946 3988 Deo
966 3929 1078 4006 optimo
1098 3924 1324 3999 valetudinem,
1344 3925 1513 4000 allaturus,
1533 3925 1610 3986 benc

472 4022 623 4100 aequitate
644 4021 706 4082 Tua
728 4039 850 4100 sperare
864 4038 924 4085 non
943 4020 1057 4082 desino.
1073 4022 1214 4083 Doctrina
1230 4022 1265 4081 Ι).
1284 4018 1419 4080 Severini
1434 4021 1571 4099 Episcopi

514 4116 593 4176 volui
617 4116 687 4176 huic
706 4116 855 4176 volumini
876 4116 1073 4196 colophonem
1095 4115 1266 4193 imponere,
1289 4120 1323 4174 ut
1343 4116 1423 4174 sicut
1439 4115 1528 4192 priori

606 4211 646 4270 ita
669 4209 737 4271 huic
758 4227 877 4288 quoquc
898 4226 914 4269 a
936 4211 992 4289 piis
1013 4209 1134 4268 monitis
1152 4224 1226 4270 usus
1246 4216 1277 4268 et
1299 4206 1430 4287 dignitas

879 4300 1043 4364 accederet
1064 4300 1135 4362 Vale
1151 4303 1158 4359 t
