3464 5318
656 336 1000 400 CUMBERTUS
1220 374 1222 378 ·
1514 347 1574 412 465

85 455 159 507 tom.
177 448 188 506 l
205 490 212 519 ,
229 445 267 505 60
291 447 486 525 scriptoribus
511 444 715 506 Dominicanis
737 460 802 522 pag.
857 444 921 505 Kal.
940 444 1136 522 Septembris.
1163 447 1356 526 Epitaphium
1379 452 1460 513 istud
1486 453 1574 534 longe

89 540 148 601 873
162 541 211 600 ubi
226 541 323 601 etalia
338 539 405 617 ejus
416 537 683 611 commemoratio
696 537 804 597 iohan-
858 540 1052 612 0000404400,
1070 557 1161 616 quam
1179 541 1334 618 Ughellius
1351 543 1423 622 legit
1446 547 1576 608 4404040-

85 651 162 708 nem,
181 631 213 692 ia
228 631 373 710 Regulam
389 632 560 712 4409004404,
576 631 692 692 idioma
706 632 802 705 luris,
860 633 933 705 rius,
950 631 1148 710 vulgavitque
1165 635 1258 712 antiq.
1270 635 1344 694 4406.
1357 636 1432 697 dcvi
1443 640 1493 712 444,
1506 640 1573 699 686.

86 729 129 787 440
147 724 246 786 444600
271 727 367 802 votis,
396 729 438 787 Be
461 726 617 786 audientia
639 722 803 804 Confessio
900 723 1038 784 GUBlUS
1052 725 1309 801 Fortunatiunus,
1326 727 1457 805 44440404,
1474 730 1512 790 60
1523 749 1576 793 00-

85 836 159 880 num
172 866 180 893 ,
194 816 236 879 ad
251 819 419 880 canonicos
438 819 600 882 Uticenses.
856 813 908 893 jus
924 812 1011 878 libris
1038 819 1093 878 444.
1116 817 1241 880 Sciratae
1265 818 1441 881 Rhetoricae
1464 821 1526 882 dixi
1544 816 1574 882 in‘

127 915 375 988 CUMBEBTUS,
412 931 503 993 supra
530 933 595 995 pag.
628 917 696 978 358.
727 918 805 978 (1444-
859 909 1042 972 Bibliotheca
1060 915 1165 974 Latina
1183 915 1230 988 lv,
1246 915 1275 972 8.
1292 931 1375 974 num.
1394 915 1420 974 4.
1436 914 1529 991 46004,
1542 923 1576 977 04

84 1007 249 1067 BEBTUS.
859 1003 999 1077 videtur,
1015 1007 1067 1083 qui
1085 1005 1178 1067 uitam
1194 1006 1327 1068 Momimi
1341 1009 1463 1085 Pupieni
1480 1009 1577 1086 impe-

124 1099 369 1174 064446,Νουῇ
393 1103 458 1161 sive
478 1098 732 1176 444444οΕ44463,
753 1101 806 1162 Α).
860 1098 968 1155 4040440
984 1100 1105 1175 scripsit
1122 1099 1275 1160 laudatam
1290 1100 1397 1160 040440
1412 1101 1592 1178 Capitolino·

85 1189 161 1266 bus,
187 1193 357 1268 Hibernas,
375 1200 445 1254 ante
463 1194 674 1256 Adamnapum
693 1198 719 1270 a)
749 1196 805 1272 (de
861 1188 890 1245 in
902 1190 1030 1249 llarimo
1045 1196 1076 1249 et
1091 1191 1212 1251 Balbino
1226 1210 1252 1253 0.
1273 1194 1299 1252 4.
1315 1199 1346 1252 04
1358 1194 1405 1253 48.
1421 1193 1496 1254 Vide
1504 1195 1578 1255 Vos-

86 1302 147 1363 quo
159 1301 251 1364 supra
279 1304 344 1364 pag.
368 1285 404 1360 7.)
427 1290 555 1366 scriptor
580 1288 662 1348 Vitae
689 1286 806 1351 Colum-
860 1281 939 1341 sium
957 1282 995 1342 de
1013 1284 1088 1343 Hist·
1106 1286 1168 1344 Lai.
1188 1301 1254 1365 pag.
1276 1286 1341 1346 484.

87 1375 164 1451 600,
194 1377 319 1439 libbatis
337 1381 467 1440 Huensis
482 1425 489 1457 ,
507 1383 618 1441 sivein
636 1382 738 1442 Insula
758 1383 805 1443 Bu
900 1373 1044 1436 Nicolavt
1055 1376 1230 1438 CUSANUS
1246 1395 1263 1437 0
1281 1379 1377 1456 patria
1392 1379 1495 1458 Casa,
1510 1381 1577 1440 vico

85 1472 186 1530 vicina
203 1470 369 1544 Hiberniae,
386 1471 521 1533 defuncti
535 1471 592 1532 An.
604 1474 721 1534 CHristi
736 1474 805 1538 598,
859 1468 997 1529 Mosellae
1014 1472 1135 1544 vicino,
1153 1472 1343 1532 Trevirensis
1358 1473 1528 1547 Bioecesis,
1546 1475 1576 1530 in

84 1561 187 1622 Edidit
208 1564 395 1624 itabillonius
413 1571 485 1624 tom.
503 1566 525 1626 l.
544 1567 723 1627 Sanctorum
751 1569 806 1626 Be·
860 1577 919 1636 quo
935 1560 991 1622 60.
1011 1564 1083 1624 4464
1106 1564 1243 1626 obscuris
1261 1572 1351 1625 natus
1375 1567 1486 1640 4044440,
1506 1567 1579 1626 insi-

84 1655 229 1716 nedictin.
247 1658 314 1734 Pag.
334 1659 406 1718 364.
860 1656 909 1732 gni
927 1655 1037 1734 ingenii
1055 1657 1118 1717 acie
1135 1663 1167 1719 et
1183 1657 1338 1718 doctrinae
1353 1657 1497 1736 dotibus,
1514 1659 1579 1718 aui-

126 1747 364 1826 GUlilMthUS‚
375 1753 441 1812 sive
456 1753 660 1828 6644444868,
678 1754 803 1831 Longus,
860 1748 962 1823 mique
979 1749 1093 1809 virtute
1115 1753 1231 1828 magnis
1248 1752 1327 1811 Viris
1343 1753 1497 1812 accenseri
1515 1767 1579 1810 me-

85 1843 188 1901 000040
206 1859 243 1902 00
262 1841 404 1904 64404000
421 1848 565 1924 apriore,
583 1847 686 1908 itidem
703 1849 806 1907 Hiber·
859 1842 942 1915 ruit,
970 1840 1146 1919 Theulugiae
1176 1848 1207 1902 et
1231 1846 1427 1904 Decretorum
1447 1845 1578 1919 Ductor,

86 1951 147 1995 nus
164 1932 264 1994 hbbas
282 1937 346 1996 sive
360 1938 529 2017 Episcopus
547 1984 554 2012 ,
572 1957 663 2017 quem
681 1940 746 2018 ajut
762 1940 806 2000 di·
859 1933 1026 2011 Episcopus
1044 1935 1072 1993 in
1092 1935 1239 1996 Tirolensi
1254 1937 1406 1997 Comitatu
1423 1939 1580 1998 844444000-

86 2044 136 2087 em
148 2026 259 2087 obiisse
269 2030 348 2090 circa
363 2029 566 2092 60000664.
581 2032 658 2109 Ejus
672 2031 805 2113 Epistola
860 2026 921 2100 040,
940 2033 971 2085 04
988 2026 1025 2087 ab
1040 2025 1096 2087 hn.
1113 2028 1201 2089 4448.
1214 2027 1400 2103 6046400440,
1415 2029 1578 2089 defunctus

87 2118 123 2179 de
131 2118 345 2181 Conuoversia
355 2123 383 2198 44)
396 2123 541 2184 4400444044
549 2125 587 2185 ad
597 2126 805 2204 Saganam)
860 2118 984 2179 Tuderti
1001 2121 1031 2177 in
1049 2119 1170 2180 Umbria
1186 2119 1243 2180 An.
1262 2119 1349 2180 4664.
1368 2123 1437 2196 (non
1450 2121 1522 2181 4454
1545 2127 1580 2182 04

88 2211 238 2273 Abbatem
267 2215 439 2291 Huensem,
469 2217 549 2278 edita
574 2218 611 2278 ab
629 2220 749 2278 Usserio
775 2220 806 2277 in
860 2214 948 2271 estin
968 2212 1219 2292 Ephemeridibus
1240 2215 1399 2273 Parisiens.
1424 2214 1579 2284 004684,

89 2305 235 2383 Epistolis
252 2307 418 2369 Hibernicis
448 2327 515 2389 pag.
545 2313 647 2373 85-35.
677 2311 806 2387 Dublin,
861 2322 889 2382 p.
908 2305 946 2364 38
963 2322 1020 2366 nec
1037 2305 1160 2367 demum
1190 2308 1267 2367 4566
1294 2312 1328 2366 04
1344 2309 1410 2367 viro
1436 2306 1526 2367 ducto
1554 2309 1581 2382 0)

87 2400 189 2467 4638,
218 2399 245 2458 4.
263 2400 384 2460 Parisiis
402 2402 500 2477 4665,
519 2405 547 2462 4.
557 2402 708 2480 ⁴Ejusdem
735 2404 800 2462 Poe
861 2415 958 2475 nuper
969 2400 1080 2474 visum)
1092 2400 1140 2459 lii.
1155 2397 1293 2478 Augusti.
1306 2402 1348 2460 Be
1358 2417 1394 2461 eo
1404 2399 1581 2461 consulendi

88 2490 262 2567 nitentiule,
293 2494 358 2552 sive
387 2493 461 2554 liber
485 2494 521 2555 de
551 2495 807 2556 Paeniteottbrvm
860 2491 1043 2553 'trithemius
1054 2509 1117 2571 cap.
1134 2494 1202 2553 865.
1218 2492 1328 2554 4400644
1341 2493 1514 2571 metropolis
1526 2493 1579 2554 Sa·

85 2601 235 2645 44000040
250 2568 352 2645 exstat
369 2603 439 2648 cum
458 2590 488 2648 S.
506 2589 683 2652 Columbani
705 2589 807 2668 poent-
860 2584 983 2664 lisburg.
1010 2603 1039 2664 p.
1067 2587 1135 2646 364.
1161 2588 1308 2647 440044000
1338 2585 1526 2647 Warthonus
1542 2585 1580 2646 ad

86 2679 204 2738 tentiali
220 2676 346 2756 aliisque
363 2681 525 2758 opusculis,
541 2681 570 2757 6)
587 2679 701 2741 Lovan.
718 2680 804 2757 4667,
867 2678 1020 2752 6040004,
1038 2686 1070 2739 04
1086 2678 1124 2738 60
1141 2681 1253 2741 600004
1270 2680 1402 2740 dissidiis
1418 2696 1488 2741 cum
1506 2678 1582 2758 Sigi-

87 2788 154 2850 pag.
177 2769 235 2833 497
263 2779 294 2830 04
320 2774 349 2830 40
370 2773 553 2835 Bibliotheca
581 2777 703 2835 Patrum
732 2782 803 2835 tom.
866 2770 1014 2844 0040060,
1040 2770 1179 2833 hustriae
1200 2772 1407 2847 Archi-Buce,
1434 2770 1580 2833 Gundlin·

87 2866 168 2937 xll,
189 2864 259 2923 0644.
283 2863 375 2941 Lugd.
398 2883 426 2943 p.
450 2868 551 2926 44-48.
579 2868 666 2928 44000
697 2867 806 2929 44444044
860 2865 948 2941 glana
972 2866 1066 2938 xlll,
1094 2882 1160 2944 pag.
1178 2866 1258 2939 866,
1280 2882 1363 2944 seqq.
1390 2866 1572 2926 Passerinus

87 2960 274 3021 Gummeano
289 2956 364 3017 hlbo
381 2959 513 3019 tribuere
533 2976 592 3019 000
610 2960 729 3021 dubitat
746 2963 807 3022 lla-
861 2964 1008 3017 memorat
1024 2976 1094 3018 eum
1118 2975 1209 3037 prope
1237 2961 1348 3020 Cosam
1376 2961 1499 3033 vicum,
1529 2957 1576 3018 ubi

86 3051 249 3124 billonius,
267 3051 317 3111 ubi
336 3051 539 3128 fragmentum
556 3052 624 3130 ejus
642 3071 681 3114 ex
698 3054 807 3114 Codice
863 3057 953 3110 natus
971 3050 1035 3124 luit,
1047 3049 1171 3111 domum
1187 3052 1367 3129 hospitalem
1379 3053 1582 3119 exstruxisse,

91 3143 317 3205 Paenitentialis
347 3144 456 3204 Babani
488 3147 581 3206 Mauri
608 3145 745 3206 Biblioth.
778 3148 808 3208 S.
864 3144 1032 3224 amplisque
1043 3141 1191 3203 reditibus
1203 3143 1338 3202 etdivite
1350 3142 1585 3204 librorumGrae

90 3237 168 3297 Galli
182 3238 268 3298 affert
286 3239 315 3295 40
333 3235 486 3297 4400100440
499 3254 564 3316 pag.
584 3237 640 3310 47,
659 3239 696 3298 48
707 3238 811 3298 064440-
865 3250 968 3294 004040
984 3281 991 3312 ,
1010 3237 1182 3297 Latinorum
1195 3242 1226 3294 04
1239 3235 1363 3295 04404040
1377 3235 1583 3312 suppellectile

90 3331 140 3390 nis
157 3332 187 3389 in
206 3331 284 3390 lolio.
470 3356 471 3359 ¹
864 3327 1204 3409 ornassesoiptaejus
1216 3326 1351 3406 prodiere
1363 3329 1483 3389 Parisiis
1494 3327 1582 3388 4543.

130 3423 148 3457 ’
168 3425 202 3483 40
220 3423 350 3501 Ughellis
364 3423 402 3483 de
415 3424 573 3502 Episcopis
591 3425 727 3485 Bobiens.
740 3425 812 3503 legi·
865 3423 1073 3500 Norimbergae
1092 3423 1169 3483 4544
1187 3427 1218 3481 04
1241 3422 1376 3481 60044000
1406 3421 1506 3496 4565,
1534 3420 1581 3480 404.

88 3523 141 3577 404
158 3515 344 3595 epitaphium
360 3518 389 3576 S.
408 3517 587 3578 6040044000
601 3519 810 3596 Episcopopo
864 3533 957 3592 quam
977 3521 1163 3594 postremam
1180 3514 1341 3575 editionem
1360 3514 1583 3593 locupletiorem

88 3612 184 3670 situm
198 3614 229 3668 et
245 3610 388 3669 0400000
402 3611 543 3688 Magistro
560 3612 717 3689 scriptum,
730 3608 810 3688 quod
865 3614 896 3668 et
913 3611 942 3667 in
960 3614 1023 3669 4400
1034 3605 1226 3667 distributam
1241 3614 1344 3686 partes
1358 3606 1462 3667 ordine
1473 3607 1584 3667 4040440

84 3702 176 3763 440640
207 3704 318 3780 pariter
343 3707 446 3762 servat
464 3702 566 3763 tabula
583 3720 751 3764 marmorea
780 3705 809 3761 in
865 3704 1004 3781 placet:-

87 3796 229 3856 Bobiensi
246 3794 358 3873 templo
375 3794 475 3855 adhuc
493 3794 628 3857 visenda.
640 3797 674 3857 lu
686 3814 721 3857 ea
736 3812 808 3857 vero
905 3797 926 3856 4.
944 3797 987 3855 De
995 3795 1082 3857 docto
1090 3794 1261 3875 iunomctia
1272 3796 1465 3874 praecisionis
1475 3796 1586 3856 verita-

84 3904 147 3948 non
166 3888 315 3948 Hibernas
332 3887 453 3962 hbbas,
472 3889 527 3948 sed
543 3907 560 3949 e
578 3889 678 3950 Scotia
695 3891 809 3951 missus
865 3891 905 3949 tis
917 3889 1133 3969 inattingibilis,
1145 3889 1183 3950 ad
1194 3891 1349 3950 lulianum
1374 3888 1584 3962 Cardinalem,

86 3982 218 4059 legitur,
236 3979 417 4057 additurque
435 3980 472 4041 ad
483 3980 540 4041 hu.
552 3984 715 4061 nonaginta
729 3989 810 4044 aeta-
865 3983 929 4044 libri
947 3984 1011 4058 lll,
1041 3985 1119 4044 inter
1144 3999 1251 4063 parum
1279 3979 1390 4041 solidas
1417 3979 1584 4057 quasdam,
1641 4043 1642 4047 ,

85 4076 129 4132 tis
158 4074 356 4151 pervenisse,
380 4075 411 4132 in
440 4076 620 4135 Munasterio
647 4093 743 4137 annos
770 4079 802 4138 84
864 4078 1164 4155 quibussacrisvult
1188 4076 1343 4154 mysteriis
1360 4075 1462 4134 lumen
1489 4074 1586 4135 04400-

85 4167 208 4242 agisse‚
225 4181 260 4226 00
278 4165 402 4225 6040004
419 4168 486 4226 0400
506 4168 702 4246 sepulchrum
733 4187 811 4230 mar·
864 4170 955 4248 6040,
972 4171 1074 4231 4040444
1091 4168 1248 4249 pruiundis
1265 4174 1296 4228 et
1314 4169 1477 4248 ingeniosis
1492 4166 1586 4227 medi·

86 4257 224 4320 moribus
241 4257 399 4318 decorasse
419 4259 621 4337 luitprandus
635 4263 808 4324 Bex.Beni-
865 4263 1037 4324 tationibus.
1056 4280 1123 4341 pag.
1142 4265 1169 4324 4.

84 4369 147 4433 que
164 4352 361 4430 depositionis
384 4354 451 4414 eius
480 4353 546 4414 dies
573 4356 711 4434 signatur
732 4357 809 4417 xlv.
857 4430 859 4434 Ι
904 4356 1048 4437 Apoloqio
1063 4355 1167 4417 doctae
1183 4355 1350 4435 4900404400
1367 4361 1472 4415 000440
1493 4355 1584 4431 blagi-

866 4455 919 4512 stri
938 4454 968 4510 in
985 4451 1143 4530 Theologia
1157 4450 1282 4522 ioannis
1296 4446 1420 4510 Veacclu'
1429 4449 1584 4525 scriptum,

135 4578 161 4641 a)
181 4580 242 4628 vtde
258 4579 539 4643 Jucubumbasmglum
555 4581 586 4630 ad
602 4580 694 4630 6404044
713 4587 773 4633 tom.
788 4583 813 4644 1,
866 4546 1039 4606 cni'titfflus
1056 4544 1157 4623 'dmm
1175 4543 1357 4604 litteratura·
1376 4559 1441 4619 pag·
1464 4541 1512 4601 63·

78 4664 139 4716 pag.
155 4653 211 4701 010.
906 4641 949 4700 440
973 4638 1151 4719 conjecturis
1178 4640 1244 4699 sive
1270 4652 1391 4696 omnem
1418 4634 1583 4696 humanam

129 4727 206 4788 bibe
222 4728 263 4778 4144
289 4729 458 4781 4406041486
477 4730 651 4783 4400600100.
678 4733 816 4785 Bucherius
868 4736 932 4794 veri
949 4736 1109 4812 positivam
1126 4733 1326 4791 assertionem
1344 4745 1412 4788 esse
1434 4727 1586 4805 conjectu-

83 4804 117 4853 ad
135 4806 258 4852 440404404
275 4806 403 4855 canonem
419 4806 565 4893 Pascbalem
583 4820 641 4870 pag.
662 4806 706 4856 488
719 4822 771 4898 seq.
866 4844 950 4904 ram,
968 4827 1033 4888 libri
1048 4829 1074 4887 ῃ
1088 4844 1171 4904 ’Μ
1183 4825 1222 4886 75
1234 4823 1271 4884 ad
1283 4822 1413 4884 eundem
1431 4823 1583 4884 julianum

129 4877 154 4937 0)
172 4876 235 4927 Male
251 4891 370 4929 excusum
383 4881 600 4943 Leprenumapud
623 4883 774 4936 8001400004
787 4889 813 4938 40

82 4955 239 5002 testimoniis
256 4955 286 5002 de
302 4958 416 5004 victorio
433 4968 490 5018 pag.
511 4959 583 5008 m.

128 5027 156 5088 6)
176 5031 210 5076 440
225 5028 274 5078 44440
290 5041 365 5091 supro
381 5042 439 5093 pag.
459 5030 527 5082 trau.
898 5033 926 5094 4)
944 5037 1005 5086 Acro
1028 5030 1194 5081 4440644040ῑο
1211 5030 1260 5077 tn.
1275 5024 1340 5075 4446
1352 5026 1497 5087 nemim.
