3458 5332
220 321 281 385 348
771 315 1160 380 cnuisriariiis

216 429 290 490 Vide
305 427 450 489 iacobum
463 422 636 485 thardum
651 428 724 483 tom.
739 423 771 499 l,
785 440 851 503 pag.
867 424 934 486 840.
990 425 1085 488 erem
1102 428 1199 503 situs,
1221 425 1362 501 vitaeque
1383 423 1423 484 ihi
1442 423 1605 503 degendae
1626 429 1718 503 ratio,

256 519 507 586 CliRiSTlANUS
513 515 622 598 Spirae
631 516 934 596 Majorislionachus,
989 526 1021 580 et
1031 517 1193 580 Alverni'ae
1206 532 1290 578 mons
1304 517 1476 579 luculenter
1490 517 1717 583 describuntur.

216 619 337 696 scripsit
352 614 445 674 vitam
459 613 490 674 S.
508 609 770 672 Geraidi'Abbatis
783 613 862 672 circa
874 608 937 671 An·
991 614 1156 674 Florentiae
1175 613 1272 689 4557,
1291 612 1319 672 4.
1336 611 1379 670 De
1403 611 1588 673 auctoritate
1610 615 1719 676 summi

213 729 286 772 uum
303 709 380 770 4095
394 708 513 767 obviam
528 707 559 766 in
572 703 657 765 Actis
671 705 806 766 Senator.
824 711 896 764 tom.
910 705 932 764 l.
989 705 1140 786 Pontifieis
1157 711 1187 765 et
1201 704 1265 781 lu's,
1287 721 1366 784 qnae
1382 703 1424 764 ad
1440 703 1527 766 iiiam
1543 708 1716 787 pertinent,

212 803 304 882 April.
324 803 360 872 4,
378 818 443 880 pag.
463 801 530 861 423.
987 798 1054 859 libri
1075 800 1101 859 ll
1121 805 1227 859 contra
1251 800 1413 858 blartinum
1435 799 1618 861 lutherum.
1646 802 1715 863 lbid.

251 893 561 958 CHRISTOPHORUS
589 891 624 952 de
654 887 930 965 Bondelmontibiis,
987 893 1086 969 4524,
1109 893 1136 952 4.
1157 889 1402 952 Exercitationes
1423 889 1455 950 in
1475 897 1592 972 septem
1608 893 1717 974 primis

211 1005 278 1067 pag.
296 990 366 1050 238.
886 1032 889 1037 .
987 982 1127 1045 Psalmis.
1142 986 1253 1046 Romae
1270 985 1368 1060 4523,
1385 986 1412 1045 4.
1427 985 1464 1044 In
1477 984 1639 1048 Psalmam
1652 989 1713 1049 lili.

249 1074 953 1152 ClliilSTOPHOllUSCastellionens,siveiie.
988 1078 1057 1139 ibid.
1086 1080 1186 1156 4525,
1212 1079 1240 1137 4.
1270 1079 1407 1156 lienique
1438 1079 1640 1154 Quaestiones
1667 1083 1712 1146 lV.

212 1174 399 1250 Castiiiano,
416 1173 665 1248 mediolanensis,
682 1171 766 1231 Baldi
787 1187 825 1231 er
846 1169 935 1230 disci-
987 1170 1212 1251 Pliiosopliicas
1227 1172 1309 1234 4488.

208 1272 280 1349 pulo
296 1269 505 1347 antagonistas,
523 1268 602 1326 inter
622 1265 713 1325 ictos
733 1261 933 1324 subtilitatum
1028 1266 1338 1328 CHRISTOPHORUS
1350 1264 1553 1328 Malliusensis
1565 1271 1707 1349 (Moleseyl

208 1363 354 1442 Princeps
364 1363 390 1435 a)
408 1362 577 1440 appellatus
592 1367 622 1420 et
636 1357 713 1418 aiter
727 1354 932 1432 Scaevoiab),
987 1359 1124 1438 Anglus,
1146 1358 1268 1419 Ordinis
1288 1358 1534 1422 Praedicatorum
1554 1364 1635 1424 circa
1654 1362 1708 1425 An·

208 1457 312 1517 docuit
337 1456 420 1514 initio
448 1453 566 1514 Saeculi
586 1453 650 1513 XV.
672 1452 785 1529 Ticini,
806 1451 929 1509 Parmae
986 1471 1061 1514 num
1080 1453 1157 1513 4530
1173 1452 1304 1514 traditur
1317 1454 1478 1531 scripsisse
1494 1454 1705 1518 Postiliones

208 1551 295 1610 Senis
306 1555 397 1625 atque
408 1549 518 1608 iterum
530 1547 623 1607 Ticini
635 1589 642 1621 ,
654 1546 834 1622 scripsitque
845 1559 930 1622 prae·
981 1563 1040 1625 per
1055 1547 1100 1607 lV
1112 1544 1343 1624 Euanpeiistas,
1361 1543 1455 1626 snper
1475 1545 1654 1626 Apostolum
1667 1555 1700 1609 44

206 1649 254 1704 444
271 1642 366 1702 muita
384 1638 537 1714 Consilia,
551 1637 746 1717 Repeii'iiones
760 1644 791 1697 et
808 1637 931 1697 Trocm-
985 1645 1067 1716 lum,
1085 1645 1116 1700 44
1136 1638 1169 1699 i'n
1188 1656 1288 1700 amnes
1310 1639 1500 1716 canonicos,
1523 1659 1582 1702 nec
1603 1642 1696 1702 nonii

207 1739 255 1795 tiis
272 1735 424 1795 laudatam
435 1752 505 1813 prae
517 1735 645 1794 caeteris
656 1733 681 1808 4)
692 1731 931 1794 lucubrationem
984 1730 1203 1812 Apocalypsin,
1219 1738 1251 1792 et
1264 1748 1416 1792 sermones
1433 1731 1470 1792 de
1488 1737 1620 1813 tempore
1632 1733 1694 1794 etde

207 1831 245 1891 44
260 1825 929 1911 444444,44444443444444444444444414Λί44
985 1825 1124 1903 Sanctis,
1155 1833 1187 1888 et
1219 1826 1474 1888 Commentarium
1506 1826 1539 1885 in
1565 1826 1691 1888 liiemior

204 1920 338 1984 JACOBI
359 1935 398 1980 ub
419 1919 605 1984 CASTlLLO
627 1925 658 1981 et
680 1921 804 1981 ioannis
824 1919 862 1979 de
883 1920 930 1980 Li·
984 1919 1162 1982 Aristotelis
1176 1919 1250 1981 Vide
1265 1921 1389 1981 Baleum
1405 1922 1445 1993 V,
1457 1921 1497 1980 88
1512 1919 1602 1998 cujus
1617 1922 1688 1981 vesti

203 2032 303 2095 gnano
328 2014 556 2076 dissertationes
583 2016 726 2093 leguntur
757 2016 787 2073 in
812 2014 929 2074 Oceano
984 2017 1042 2095 giis
1056 2016 1168 2075 insistit
1183 2015 1303 2074 Pitseus
1320 2030 1388 2091 peg.
1408 2013 1477 2075 473.

202 2111 298 2182 444444,
311 2111 376 2169 sive
388 2110 533 2170 Tractatu
547 2112 743 2170 Tractatuum
754 2115 826 2168 torn.
837 2107 928 2182 xlii,
1024 2101 1332 2170 CillilSTOPHOllUS
1348 2108 1484 2166 Persam
1494 2108 1522 2184 a)
1535 2110 1679 2180 Romanu,

95 2195 102 2211 '
201 2219 268 2282 pag.
286 2203 365 2279 284,
382 2203 452 2263 284.
470 2202 662 2264 Castellionei
679 2217 739 2261 non
756 2204 873 2279 legitur.
981 2203 1065 2262 Prior
1080 2202 1250 2261 llonasterii
1272 2201 1302 2261 8.
1326 2200 1493 2261 Salvatoris
1509 2202 1548 2262 de
1566 2200 1680 2262 smih-

244 2294 262 2330 *
281 2296 315 2354 ln
332 2294 515 2355 bibliotheca
531 2294 625 2355 Velini
648 2299 732 2354 extat
750 2292 931 2374 christofori
982 2311 1022 2356 na
1032 2295 1060 2369 h)
1073 2294 1110 2354 de
1122 2294 1201 2354 Urbe
1213 2336 1220 2367 ,
1234 2293 1356 2354 Ordinis
1371 2295 1500 2355 iratrum
1512 2297 1676 2355 eremitarum

202 2387 238 2448 de
253 2386 414 2449 Costiiiane
430 2379 566 2464 repetitio
582 2387 609 2447 4.
622 2385 677 2447 nbi
689 2388 732 2447 ita
744 2385 874 2447 donatur
890 2386 926 2451 de
982 2388 1013 2448 S.
1031 2388 1173 2448 Guilelmi
1190 2388 1215 2463 4)
1231 2429 1238 2461 ,
1257 2387 1371 2447 Graece
1391 2393 1423 2446 et
1443 2388 1550 2449 Latine
1570 2388 1678 2459 doctum,

203 2480 309 2539 Donat.
328 2480 408 2540 edita
426 2481 502 2540 Pisis
519 2497 567 2539 an.
585 2481 673 2541 4494.
982 2486 1014 2541 44
1027 2479 1064 2540 ab
1078 2480 1253 2540 innocentio
1263 2480 1330 2539 Vlll
1344 2479 1534 2558 praelectum
1545 2479 1599 2550 An.
1612 2476 1675 2540 4484.

242 2571 551 2634 CillilSTOPHOllUS
572 2571 735 2634 Marcelliis
755 2575 926 2635 canonicus
982 2573 1182 2634 Bibliothecae
1203 2572 1384 2649 Vaticanae,
1405 2574 1578 2652 pestilentia
1595 2575 1676 2634 444444

203 2667 386 2739 Patavinus,
407 2666 554 2726 Patricius
576 2667 731 2743 Venetus,
751 2669 925 2728 Protonota·
977 2669 1121 2745 corripuit
1138 2666 1323 2743 sustulitque
1340 2663 1397 2726 An.
1417 2668 1517 2744 4486,
1534 2669 1630 2729 aetatis
1645 2663 1672 2724 il

202 2761 266 2818 rius
293 2775 352 2817 non
380 2759 423 2818 Pii
449 2760 476 2818 ll
503 2761 555 2836 qui
582 2757 638 2818 An.
665 2761 740 2820 4464
762 2760 853 2836 obiit,
870 2760 925 2820 sed
979 2761 1099 2820 biennio
1122 2764 1190 2836 post
1211 2758 1287 2817 Sinti
1310 2759 1348 2818 lV
1365 2758 1502 2834 obitum,
1519 2761 1571 2839 qui
1587 2754 1675 2836 ingenio

203 2850 354 2911 Pontificis
369 2853 476 2912 Leonis
492 2853 521 2912 X
539 2857 570 2911 44
586 2851 838 2931 Archiepisoopus
855 2853 927 2914 Cor·
981 2851 1048 2930 ejus
1069 2851 1294 2926 delectabatur,
1312 2858 1344 2913 et
1364 2855 1414 2913 cui
1435 2855 1573 2914 latinam
1591 2851 1676 2912 versio

202 2945 350 3021 cyrensis,
363 2950 482 3023 praeter
494 2945 656 3005 editionem
670 2942 817 3006 librorum
832 2945 926 3006 trium
980 2962 1050 3006 nem
1067 2946 1134 3005 Vlll
1151 2945 1294 3006 librorum
1309 2945 1448 3024 Oriqem's
1463 2952 1568 3008 contra
1579 2944 1674 3009 Celsum

202 3034 239 3097 de
260 3036 359 3098 sacri's
380 3037 550 3098 cerimoniis
577 3036 729 3099 Ecclesiae
755 3042 924 3112 Romanae,
980 3038 1140 3099 dedicavit.
1156 3039 1200 3114 lie
1217 3039 1267 3099 illa
1281 3041 1421 3100 versione
1435 3046 1467 3101 et
1481 3041 1518 3102 de
1533 3042 1608 3115 aliis,
1619 3048 1674 3117 qud

201 3130 370 3208 dequibus
391 3148 483 3210 supra
504 3132 533 3190 in
558 3130 775 3194 AUGUSTlh'O
790 3131 923 3194 Patricio
979 3132 1127 3206 Persona,
1149 3147 1208 3191 non
1236 3135 1486 3195 accuratissimus
1512 3150 1624 3213 semper
1643 3131 1673 3189 in

201 3242 269 3303 pag.
285 3225 343 3285 442
358 3227 422 3303 ipse
435 3227 605 3303 composuit
618 3225 815 3305 vulgavitque
827 3271 835 3300 ,
847 3244 925 3305 quae
979 3230 1096 3302 terpres
1122 3227 1310 3301 composuit,
1327 3226 1469 3308 Procopii
1495 3230 1534 3288 lV
1560 3228 1674 3290 librario

199 3320 228 3377 in
251 3319 349 3378 Diario
369 3320 565 3380 Eruditorum
587 3319 690 3378 ltaliae
712 3325 784 3379 tom.
805 3321 922 3395 XVlll‚
979 3317 1017 3377 de
1037 3317 1116 3376 bello
1137 3316 1263 3376 Gothico
1285 3318 1337 3397 4),
1360 3320 1508 3398 (quorum
1531 3319 1677 3383 tertiumsi

197 3427 265 3489 pag.
279 3411 355 3485 402,
371 3428 436 3487 seq.
451 3417 592 3472 accurate
608 3412 787 3490 signantur:
804 3412 924 3472 Oratio-
978 3415 1122 3488 quartum
1134 3411 1164 3468 in
1175 3428 1271 3471 unum
1285 3414 1443 3489 contraxit)
1451 3413 1596 3494 Aquiliae
1605 3411 1676 3476 8444

197 3519 265 3562 nem
288 3501 320 3560 in
336 3501 451 3591 sonere
477 3503 562 3563 Petri
583 3503 761 3580 Bairoaci'i,
782 3505 921 3585 lipiscopi
977 3503 1073 3562 lastici
1094 3501 1192 3562 libror.
1209 3503 1235 3562 V
1251 3510 1283 3563 44
1300 3506 1483 3568 Sermonum
1503 3510 1587 3571 XXV
1602 3519 1676 3568 more

195 3595 342 3655 Patavini.
369 3598 472 3656 Patav.
497 3596 595 3672 4507,
618 3598 644 3657 4.
675 3597 861 3660 Um'versaiis
884 3599 921 3660 de
976 3596 1049 3655 lium
1066 3596 1097 3656 8.
1114 3595 1240 3657 ioannis
1258 3596 1481 3679 chrysostomi,
1496 3609 1529 3664 et
1542 3605 1677 3665 commin

195 3685 299 3746 anima
313 3685 486 3764 traditionis
501 3704 590 3765 opus,
607 3690 740 3751 Venetiis
756 3693 854 3766 4508,
870 3693 918 3753 444.
975 3690 1120 3749 lariorum
1135 3687 1343 3770 Tleopiiylacti
1351 3695 1382 3751 in
1394 3695 1424 3754 S.
1437 3696 1520 3756 Pauli
1532 3695 1676 3775 Epistulas,

197 3777 370 3840 Orationem
387 3777 429 3840 ad
441 3777 556 3840 lulium
571 3782 610 3839 li.
626 3783 736 3844 Romae
751 3787 780 3844 in
800 3787 826 3844 4.
844 3785 921 3846 Ora-
975 3780 1126 3842 editorum
1153 3782 1211 3842 sub
1236 3783 1267 3843 S.
1289 3781 1448 3847 Athanasii
1475 3790 1612 3865 nomine,
1636 3799 1677 3847 nec

194 3877 302 3933 tionem
315 3871 450 3935 habitam
466 3874 498 3934 in
514 3880 627 3953 quarto
645 3877 775 3938 sessione
794 3877 922 3940 Caecilii

195 3966 419 4028 lateranensis.
443 3968 556 4030 Romae
577 3970 676 4045 4542,
700 3972 726 4031 4.
754 3970 919 4051 Episioiim
1014 3967 1477 4032 44414144444444444444.

190 4057 247 4120 Αῃ,
266 4062 338 4122 4524
361 4062 526 4141 scriptam,
544 4063 574 4123 jn
596 4080 657 4142 qua
676 4063 916 4127 camaldulensis
1014 4043 1042 4102 b)
1058 4042 1120 4132 Aliis
1138 4057 1269 4131 perperam
1285 4047 1312 4097 8.
1328 4046 1452 4099 Albinae.

1015 4118 1041 4178 e)
1059 4118 1231 4169 thrithemius
1248 4132 1304 4182 cap.
1320 4120 1376 4172 878.
1393 4126 1428 4172 lie
1445 4123 1494 4174 boe
1511 4122 1632 4175 duiletum
1646 4133 1682 4171 in·

966 4198 1037 4242 olore
1056 4192 1279 4255 dulleimltsrurn,
1291 4199 1353 4245 Acte
1365 4199 1517 4249 tunctorum
1529 4206 1591 4249 tom.
1603 4202 1640 4260 li,
1649 4200 1675 4246 Vs

965 4267 1051 4317 bruar.
1079 4280 1137 4330 pag.
1163 4268 1211 4318 455
1236 4276 1261 4318 et
1284 4273 1400 4321 niarium
1422 4272 1588 4324 ltrudltorurn
1611 4272 1683 4323 ltiilm

231 4325 257 4386 a)
273 4326 432 4379 Pauelrollus
449 4331 480 4379 11.
497 4329 537 4381 80.
551 4329 583 4381 44
598 4330 673 4384 eloris
685 4338 915 4397 Leguminterpre·
965 4347 1027 4392 tom.
1044 4345 1113 4402 xlx,
1131 4355 1190 4406 pag.
1214 4344 1280 4405 428,
1306 4358 1359 4409 seq.
1388 4347 1449 4397 41444
1470 4351 1583 4399 Persona
1598 4353 1682 4412 predii

183 4399 274 4451 trihus.
287 4402 360 4450 cotta
373 4415 430 4466 pag.
444 4403 502 4454 547.
516 4405 673 4458 subtilitates
684 4413 737 4472 ejus
749 4416 837 4459 eontra
846 4423 914 4461 com·
964 4430 1018 4467 reni
1044 4418 1147 4467 habitus
1166 4423 1253 4469 Frater
1271 4422 1373 4471 Ordinis
1389 4423 1562 4474 Eremltarum
1579 4422 1684 4487 luguid-

180 4485 283 4524 mlffltm
300 4475 464 4539 410444ῑῦ401,
482 4481 544 4530 lieet
571 4482 684 4544 4044οῑ4
710 4486 914 4555 4444808444,
960 4495 1116 4554 alanorum,
1134 4494 1190 4543 ellie
1209 4494 1310 4545 Ordinis
1331 4499 1466 4547 servorum
1482 4502 1510 4547 Β.
1527 4501 1620 4549 itariae
1635 4499 1681 4546 vtr-

181 4548 368 4610 maturiorem
394 4560 485 4604 tamen
501 4555 599 4618 [444444
616 4558 793 4609 relatoribus·
810 4559 911 4611 lebetis
959 4570 1035 4631 ginis.
1053 4569 1115 4618 vido
1132 4571 1167 4621 id.
1184 4581 1242 4632 pag.
1259 4569 1325 4629 428,
1343 4584 1397 4633 seq.
1415 4575 1540 4624 dandosil
1559 4573 1682 4624 Bibliothe-

179 4621 305 4686 inponit,
323 4634 395 4678 notet
412 4630 563 4695 Gorsiupius
580 4645 638 4696 pag.
655 4633 711 4684 508.
958 4655 1015 4693 erm
1039 4646 1112 4693 Boin.
1129 4656 1188 4707 pag.
1207 4644 1248 4706 50.
1268 4647 1346 4696 builli
1371 4651 1480 4698 terloon
1506 4652 1533 4700 ln
1557 4650 1678 4700 Persam.

224 4694 253 4758 b)
270 4699 368 4753 44444444
384 4706 488 4755 Mantua
502 4721 562 4770 pag.
578 4707 636 4758 457.
958 4720 1075 4768 4444444444
1095 4721 1226 4770 tdemolree
1243 4726 1305 4770 tom.
1323 4725 1458 4787 1V‚peg.
1476 4723 1488 4773 l
1506 4737 1580 4788 seqq.

223 4768 250 4831 e)
264 4772 368 4825 44444444
384 4777 447 4828 ibid.
465 4781 583 4844 Scripsit
600 4783 686 4832 melta
705 4784 850 4850 Consilia,
868 4801 908 4837 re·
1003 4791 1030 4852 d)
1047 4791 1083 4840 Ad
1104 4793 1246 4844 iaciendum
1263 4797 1413 4848 leonhardo
1433 4803 1538 4850 4444444
1551 4799 1679 4854 landun.

177 4841 328 4907 ,4444444444
346 4855 372 4899 et
390 4857 546 4916 tractatui,
560 4862 585 4905 et
597 4860 742 4922 praecipue
759 4861 789 4911 de
806 4861 908 4923 duello,
957 4867 1003 4928 qui
1021 4868 1136 4919 tetinero
1150 4870 1325 4931 Procoplenee
1337 4874 1575 4936 interpretationem
1585 4888 1630 4938 pro
1640 4876 1681 4922 (io-

175 4926 255 4981 Μι
271 4916 370 4981 haiim
394 4933 420 4976 re
435 4943 492 4979 non
510 4932 678 4995 poenitebit,
695 4937 721 4984 ei
738 4937 829 4998 ipsum
849 4950 908 4986 enm
956 4939 1025 4988 tblro
1042 4939 1167 4999 historia,
1185 4945 1257 5003 eujus
1276 4945 1328 5005 lpse
1350 4953 1442 4998 ructor
1467 4956 1547 5012 esset,
1566 4948 1678 5002 ediderit·

173 4990 243 5043 eutr
258 4996 420 5086 cemeterii.
941 5013 1005 5065 Vide
1022 5019 1122 5067 lovium
1138 5030 1198 5080 pag.
1216 5018 1287 5079 204,
1306 5020 1372 5087 elog.
