3464 5318
773 323 949 388 ruurx
1265 323 1268 326 ’
1507 296 1600 389 'sot

120 430 171 489 lib.
191 432 217 492 5.
234 445 299 508 cap.
315 433 326 491 l
351 431 583 507 institutionum,
601 437 632 491 et
653 437 722 510 post
733 432 839 493 444444-
932 431 1046 492 Omitto
1063 427 1210 489 editiones
1225 430 1254 488 iu
1267 428 1457 491 bibliothecis
1467 431 1605 507 Patrem,

120 541 249 602 nymum
266 524 404 602 pluribus
420 524 493 586 locis
511 523 700 599 Eucherius,
723 527 776 605 qui
794 526 838 586 in·
893 539 1022 583 necnon
1039 523 1261 598 oxoniensem,
1278 537 1370 599 quam
1392 528 1540 585 memorat
1554 526 1607 584 Pe-

119 624 166 676 ter
179 617 363 677 clarissimos
376 616 513 678 44444444
535 617 781 697 reiert,Epietola
797 617 835 678 de
892 622 958 679 trus
976 616 1127 678 Antonius
1141 615 1334 689 Bucbardus,
1349 615 1559 691 slesvicensis,
1575 620 1606 676 in

115 717 273 772 contemtu
290 710 392 771 Mundi
404 717 435 770 44
449 711 614 772 saecularis
629 711 835 791 Philosophiae
890 710 1100 771 dissertatione
1117 708 1155 769 de
1171 710 1321 783 Minucio,
1350 725 1441 786 quarn
1469 706 1611 769 thesibus

117 803 155 865 ad
177 803 370 865 Valerianum
392 810 554 888 cognatum
586 821 686 866 suum.
714 806 833 867 blinucii
888 821 927 864 ex
941 801 1008 881 ejus
1023 802 1121 870 libello
1138 805 1290 881 excerptis
1301 807 1332 861 et
1347 801 1607 864 Chrestomethiae

116 897 253 976 dialogus
275 901 305 958 in
327 899 433 977 primis
459 897 641 960 editionibus
671 899 750 959 male
779 915 833 977 pro
887 898 1073 958 Minuciauae
1108 896 1262 974 praemisit
1295 901 1327 955 et
1352 893 1488 972 praeside
1516 898 1547 954 Β.
1571 895 1606 954 D.
1687 900 1710 934 -’

117 997 225 1052 444444
246 991 421 1053 venditatur
441 991 563 1053 Arnobii
585 993 680 1053 libro:
707 994 833 1054 blinucio
889 986 1565 1050 ChristianoKoriholtobabuitliiloniaei685
1579 988 1606 1046 4.
1689 994 1694 1003 “

116 1085 232 1146 auctori
253 1101 323 1146 eum
345 1086 544 1147 restituerunt
565 1087 744 1148 Franciseus
768 1085 835 1145 Bal-
929 1081 1048 1143 Nicoloi
1062 1079 1206 1160 Rigaltr'i,
1223 1082 1250 1156 a)
1270 1082 1389 1141 Parisiis
1408 1081 1508 1156 4643,
1528 1081 1556 1139 4.
1576 1085 1608 1140 44

116 1177 230 1240 duious
246 1186 278 1239 et
295 1178 375 1257 apud
393 1178 482 1240 lladr.
498 1180 623 1240 lunium
646 1180 719 1240 libro
737 1182 755 1240 3
772 1180 835 1240 ani·
890 1178 976 1239 4645.
992 1193 1061 1245 cum
1080 1176 1206 1235 Firmico
1222 1182 1254 1234 et
1273 1174 1369 1248 4666,
1389 1173 1440 1233 444.
1463 1191 1517 1252 per
1540 1171 1610 1233 4444-

115 1269 347 1334 madversorum
366 1288 430 1351 cap.
449 1275 476 1333 4.
488 1270 641 1334 Antonius
652 1274 832 1334 ldorillonns.
889 1269 1002 1350 impera
1016 1268 1179 1345 Priorium,
1196 1285 1267 1330 cum
1282 1270 1451 1348 Cypriane,
1467 1266 1607 1343 hrnobio,

115 1362 262 1440 Analysin
291 1371 537 1442 argumentorum
566 1367 685 1428 blinucii
713 1375 836 1447 praeter
889 1365 1015 1424 Firmico
1032 1370 1064 1423 et
1080 1362 1304 1438 Commodiano,
1322 1370 1353 1423 et
1371 1379 1440 1423 cum
1456 1363 1607 1441 Cypriane

114 1455 320 1519 Abrahamum
339 1458 509 1524 scultetum
527 1461 556 1519 in
575 1461 695 1522 Patrum
720 1461 836 1522 medul-
889 1457 927 1518 de
948 1449 1100 1521 idolorum
1125 1457 1279 1529 vanitate,
1309 1461 1341 1516 et
1373 1457 1517 1517 Woweril
1547 1456 1610 1516 Fir-

115 1549 234 1613 laton.
263 1553 288 1610 4.
307 1567 374 1631 pag.
406 1552 484 1628 388,
500 1570 563 1633 seq.
583 1560 614 1614 et
630 1555 784 1616 Nicolaum
806 1556 834 1616 le
889 1552 967 1611 mico
988 1549 1128 1628 Lugduni
1151 1551 1334 1611 Batavorum
1357 1550 1459 1625 4645,
1478 1551 1527 1612 42.

88 1644 232 1721 'Nourry
248 1646 275 1718 4)
298 1653 372 1705 tom.
388 1646 407 1707 2
425 1654 588 1724 apparatus
611 1647 651 1709 ad
681 1648 754 1708 liibl.
781 1650 834 1708 Pa·
925 1645 1002 1706 Cum
1028 1645 1107 1703 uotis
1131 1644 1307 1719 Variorum,
1335 1649 1460 1705 curante
1486 1640 1599 1704 Iacobo
1631 1688 1637 1699 .

117 1743 200 1800 trum
214 1738 338 1799 exbibet
355 1741 386 1798 B.
399 1739 433 1798 D.
446 1739 834 1819 Christianusllortholius,
890 1735 1018 1812 Oiselio,
1051 1737 1188 1815 Lugduni
1220 1738 1401 1797 Batavorum
1442 1737 1546 1812 4652,
1579 1738 1608 1798 4.

113 1831 144 1892 44
165 1830 291 1892 diatriba
312 1849 372 1911 qua
394 1835 424 1893 in
453 1833 558 1895 theses
585 1842 618 1895 et
637 1834 835 1914 Apborismos
890 1830 991 1906 4672,
1013 1832 1040 1890 8.
1059 1830 1191 1892 Oxoniae
1210 1830 1287 1892 4678
1306 1848 1377 1891 cum
1395 1833 1474 1892 notis
1497 1830 1607 1891 Nicolai

118 1923 286 1986 resolutum
300 1927 833 2006 llinuciumexbibet,liilon.l685l.
887 1924 1017 2002 liigaltii.
1049 1924 1188 1984 Giornale
1224 1923 1417 1984 de’letterati
1453 1924 1482 1984 di
1515 1925 1608 1984 Roma

157 2020 278 2080 blinucii
295 2020 402 2080 Felicis
423 2027 454 2080 et
471 2022 581 2083 Nicolai
598 2023 759 2083 Corrtareoi
771 2022 836 2102 phi·
889 2016 985 2093 4679,
1007 2035 1071 2096 pag.
1095 2015 1161 2079 437.
1184 2018 1262 2078 Cum
1281 2019 1359 2077 uotis
1378 2015 1609 2094 Christoplrort',

118 2112 327 2190 losephemata
347 2112 385 2174 de
413 2114 495 2188 4444,
519 2114 632 2175 notulis
652 2116 834 2193 quibusdam
890 2108 1033 2184 Celeret,
1055 2112 1146 2172 Halae
1166 2111 1321 2172 Saxonum
1346 2111 1423 2172 4669
1437 2110 1494 2185 ,8.
1528 2110 1607 2171 Cum

116 2205 276 2282 illustrata,
295 2208 324 2266 in
342 2209 422 2267 lusti
439 2207 553 2268 Sinceri
568 2210 700 2287 parergis
714 2210 742 2284 b)
760 2209 835 2270 Ger·
888 2205 968 2264 notis
984 2203 1101 2282 Rigaitii
1123 2211 1154 2263 et
1184 2204 1305 2264 selectis
1328 2204 1484 2264 Variorum
1500 2203 1610 2263 novis-

115 2298 836 2382 manicoeditiswismariaeliehspartprirna.
888 2313 947 2374 quii
975 2297 1008 2356 V·
1034 2296 1066 2357 C·
1103 2294 1248 2356 tolonnis
1274 2296 1404 2373 Datioi,
1436 2295 1608 2373 cantabrig·

768 2426 770 2431 ¹
888 2388 995 2559 4.,
1011 2387 1469 2563 artemam
1484 2387 1607 2564 44

154 2576 301 2655 Princeps
311 2575 401 2637 editio
415 2583 464 2636 est
473 2578 606 2640 Romana
616 2596 687 2641 cum
703 2580 834 2661 Arnobio
888 2582 996 2637 ralure
1013 2584 1085 2638 lom
1105 2580 1131 2638 i.
1150 2596 1215 2656 pag.
1234 2579 1304 2639 353.
1519 2609 1521 2613 «

116 2668 282 2745 4542,441.
304 2686 321 2730 a
348 2671 461 2731 Fausto
491 2669 607 2734 Sabaeo
633 2675 774 2736 Brixiano
794 2676 832 2737 ad
926 2672 1001 2732 Cum
1028 2672 1151 2749 integris
1181 2673 1344 2746 Wowerii,
1367 2670 1601 2743 Elmenhorstii,

115 2763 251 2825 Vaticani
269 2763 388 2826 Codicis
402 2765 492 2826 fidem
510 2766 597 2843 lacta,
614 2785 709 2845 quem
718 2766 779 2830 Leo
794 2772 832 2831 Χ.
886 2763 1003 2825 lleraldl
1019 2771 1051 2825 et
1067 2765 1185 2842 iiigaltii
1203 2766 1301 2836 notis,
1319 2766 1505 2843 aliorumque
1535 2764 1618 2823 hino.

114 2858 273 2918 Francisco
304 2859 326 2919 l.
355 2860 426 2938 Regi
455 2860 567 2920 Galliae
594 2861 672 2930 donn
699 2862 833 2924 dederat.
887 2856 956 2917 inde
972 2857 1117 2933 collectis,
1137 2857 1245 2918 edente
1262 2855 1372 2918 Iacobo
1387 2856 1604 2935 Gronovioqui

114 2948 189 3011 lnde
221 2959 344 3012 secutae
372 2953 562 3015 basileenses
592 2972 629 3015 ex
647 2954 835 3034 Sigismuodi
888 2949 1114 3011 emendationes
1141 2958 1172 3012 et
1197 2953 1413 3030 explicationes
1438 2968 1521 3025 suas,
1539 2957 1606 3011 tum

117 3040 234 3103 Geleor'i
253 3046 426 3104 recensione
445 3047 523 3106 4546
544 3053 575 3106 et
597 3050 685 3108 4560,
886 3042 1018 3103 libellum
1037 3043 1067 3102 S.
1083 3044 1242 3121 Cypriani,
1259 3047 1311 3123 qui
1326 3045 1444 3106 Minucii
1464 3045 1601 3121 vestigiis

154 3137 417 3215 heidelbergensis
447 3138 545 3214 4560,
577 3141 604 3199 8.
639 3147 670 3199 et
698 3142 830 3202 Francoi.
887 3136 1009 3211 insistit,
1021 3134 1059 3196 de
1077 3136 1222 3197 idolorum
1243 3140 1378 3197 vanitate
1395 3144 1426 3196 et
1443 3137 1616 3197 Firmicum·
1694 3169 1697 3172 >

117 3231 215 3304 4640,
238 3230 266 3288 8.
288 3230 450 3291 Franciscr'
468 3229 620 3292 Boldur'rri.
639 3234 664 3306 4)
692 3234 767 3295 44444
793 3250 832 3292 ex
886 3227 924 3288 de
944 3246 1044 3289 errore
1063 3230 1255 3309 profanarum
1274 3231 1357 3307 relig.
1381 3227 1511 3306 adjecit,
1535 3232 1612 3307 Lug·

113 3321 220 3385 Fulvii
236 3322 340 3387 ierint
354 3327 548 3401 castigatione
568 3325 655 3405 {Petri
683 3326 830 3387 Ciacconii
886 3320 959 3383 duni
976 3324 1157 3383 Batavorum
1172 3322 1263 3397 4709,
1276 3324 1304 3382 8.
1317 3323 1393 3384 Actu
1411 3321 1611 3383 bruciorum

113 3418 235 3478 schedis
255 3416 358 3496 adjuti)
375 3418 483 3504 prodiit
504 3420 615 3480 Romae
633 3421 722 3493 4583,
745 3421 771 3479 4.
793 3421 833 3481 Et
887 3418 955 3475 lom.
980 3415 996 3475 4
1024 3414 1170 3495 supplem.
1197 3433 1263 3496 pag.
1293 3417 1361 3479 423,
1393 3414 1469 3477 44404.
1499 3415 1611 3479 chrisio

115 3527 185 3571 eum
206 3508 352 3572 4444444444
375 3510 508 3573 Wowerr'
519 3512 647 3573 eruditis
661 3514 742 3574 notis
751 3514 835 3574 ilasi·
887 3515 960 3568 tom.
979 3510 1026 3570 48.
1046 3525 1111 3588 pag.
1131 3509 1200 3570 344.
1536 3565 1538 3568 ,

117 3605 182 3664 leae
205 3606 292 3679 4663,
310 3606 338 3664 8.
365 3603 466 3665 addito
484 3607 515 3665 S.
531 3605 673 3684 Cypriani
698 3606 772 3666 libro
796 3604 834 3665 de
927 3603 1062 3680 Denique
1088 3620 1127 3662 ex
1159 3604 1291 3665 secunda
1323 3603 1469 3665 4444444444
1487 3604 1611 3666 ‚Davisii

116 3699 252 3758 vanitate
268 3697 422 3758 idolorum.
888 3696 1062 3759 recensione
1083 3712 1154 3757 cum
1181 3699 1340 3759 l'ariorum
1370 3701 1450 3759 notis
1477 3715 1611 3760 excusus

161 3787 528 3864 Geverlt.Elmeolrornlii,
546 3792 659 3852 Hanov.
693 3793 784 3867 4603,
805 3794 833 3853 8.
888 3793 936 3848 444
953 3790 1161 3868 cantabrigiae
1184 3789 1257 3852 4744
1276 3835 1283 3865 ,
1302 3792 1329 3850 8.
1350 3791 1611 3854 addito-Commo-

87 3950 92 3958 ,
117 3890 150 3944 44
177 3884 280 3943 llamb.
307 3885 396 3957 4642,
425 3885 472 3946 iol.
498 3887 541 3945 De
562 3886 716 3946 simultate
743 3903 834 3964 super
889 3880 986 3942 diano.
1005 3883 1147 3943 Memoirs
1162 3882 1199 3964 of
1220 3882 1379 3945 literature
1398 3891 1470 3945 tom.
1489 3889 1517 3948 4.
1543 3903 1608 3964 pag.

115 3966 245 4038 blinucio
276 3976 356 4037 edito
379 3977 595 4038 Elmenhorstii
614 3996 649 4039 ac
667 3979 833 4054 Wowerii,
889 3976 957 4036 353.
977 3977 1182 4038 Memoiresde
1199 3978 1523 4058 Trevouoellilpag.
1540 3981 1608 4039 888.
1702 4012 1705 4017 >

113 4070 220 4130 444444
231 4069 354 4149 losepbi
370 4070 512 4149 scaligeri
531 4071 628 4149 Epist.
654 4073 833 4148 257,260,
889 4052 1096 4150 bibliotheque
1126 4071 1236 4132 choisie
1262 4080 1333 4132 tom.
1367 4072 1414 4133 24.
1442 4089 1508 4151 pag.
1540 4074 1609 4134 420.

115 4179 202 4242 seqq.
216 4162 328 4224 baudai
341 4162 601 4225 Elmenhorstium
612 4166 754 4228 Barthius
768 4184 833 4246 pag.
890 4159 1003 4222 Gallice
1021 4181 1074 4241 per
1091 4165 1128 4224 N.
1148 4163 1189 4224 do
1218 4167 1308 4240 4444,
1333 4167 1424 4226 Paris.
1449 4165 1526 4226 4637
1545 4213 1552 4241 ,
1580 4168 1607 4225 l.

103 4256 171 4341 294
179 4257 206 4314 6.
221 4255 384 4316 Adversar.
889 4263 920 4317 et
942 4258 1067 4317 Perroto
1080 4255 1277 4318 Ablunoortio
1303 4262 1466 4336 interprete
1488 4261 1609 4320 Parisiis

156 4347 308 4409 Desiderio
340 4346 486 4421 Heradli,
518 4352 638 4412 Parisiis
672 4354 768 4428 4605,
805 4355 834 4414 8.
889 4351 1040 4425 4646,42.
1058 4352 1145 4427 4662,
1166 4354 1211 4414 42.
1223 4361 1315 4432 atque
1330 4355 1608 4431 Latiniseregione

116 4443 215 4519 4643,
235 4445 260 4503 4.
283 4460 352 4504 cum
378 4445 551 4519 Tertulliani
581 4447 772 4526 Apologetico
801 4456 833 4507 ei·
888 4446 993 4523 positis
1012 4448 1091 4523 Lips.
1111 4447 1209 4522 4683,
1228 4448 1275 4507 42.

116 4537 216 4612 4645,
236 4538 264 4595 l.
281 4555 350 4600 cum
368 4537 507 4600 ilrnobio.
927 4538 1050 4619 duplice
1081 4541 1205 4602 Londini
1236 4543 1336 4616 4682,
1358 4542 1385 4600 8.
1404 4540 1547 4602 Reeoesio
1564 4543 1608 4600 in-

158 4723 185 4787 e)
201 4726 239 4772 144
257 4725 363 4774 llourrlo
379 4726 514 4774 llemortee
529 4722 688 4774 Trevoltlnee
699 4728 746 4774 ilo.
768 4723 837 4775 4746.
932 4726 959 4783 a)
969 4728 1101 4776 serrerlue
1114 4724 1222 4788 pegae.
1233 4724 1612 4788 EpistAEreditireimililpel·

112 4811 169 4863 pag.
187 4799 243 4849 807.
256 4810 326 4860 seqq.
885 4802 919 4850 444
936 4802 1075 4852 Minucius
1090 4799 1170 4850 Felia
1187 4798 1234 4848 rub
1248 4800 1343 4861 praelo
1354 4800 1443 4850 rudet.
1461 4799 1610 4852 Miraberis

158 4874 186 4936 b)
206 4871 423 4923 seben-standon.
805 4877 806 4882 ’
883 4874 1611 4937 earuooMSthlepe'otetdioer-eoeeditioneeprodlt'e·

158 4947 184 5011 c)
199 4947 326 4998 4444444444
353 4949 380 4996 44
403 4946 520 4998 lietduini
543 4949 654 4999 editione
675 4950 837 5014 reprehendit
882 4963 920 4999 ee.
936 4950 1173 5008 Vidittemeor'lle,
1187 4949 1610 5013 praecaeteroromde'lipeeptiom

114 5022 177 5074 lud.
195 5024 282 5073 Carrio
297 5022 369 5072 libi
391 5021 529 5071 emendetit
542 5034 599 5084 cap.
613 5021 652 5071 48.
884 5022 1041 5088 4444444444.
1052 5025 1161 5077 Scilicet
1175 5025 1251 5074 eoloe
1263 5026 1356 5076 trunio
1372 5023 1511 5073 cultures.
