<?xml version="1.0" encoding="UTF-8"?>
<!DOCTYPE html PUBLIC "-//W3C//DTD XHTML 1.0 Transitional//EN"
    "http://www.w3.org/TR/xhtml1/DTD/xhtml1-transitional.dtd">
<html xmlns="http://www.w3.org/1999/xhtml" xml:lang="en" lang="en">
 <head>
  <title>
</title>
<meta http-equiv="Content-Type" content="text/html;charset=utf-8" />
  <meta name='ocr-system' content='tesseract 3.04.00' />
  <meta name='ocr-capabilities' content='ocr_page ocr_carea ocr_par ocr_line ocrx_word'/>
</head>
<body>
  <div class='ocr_page' id='page_1' title='image "./bibliothecalati00gallgoog/bibliothecalati00gallgoog_0058.png"; bbox 0 0 3458 5332; ppageno 0'>
   <div class='ocr_carea' id='block_1_1' title="bbox 807 308 1669 376">
    <p class='ocr_par' dir='ltr' id='par_1_1' title="bbox 807 308 1669 376">
     <span class='ocr_line' id='line_1_1' title="bbox 807 308 1669 376; baseline -0.007 0"><span class='ocrx_word' id='word_1_1' title='bbox 807 309 1025 376; x_wconf 76' lang='lat' dir='ltr'>AErlcus</span> <span class='ocrx_word' id='word_1_2' title='bbox 1576 308 1669 375; x_wconf 82' lang='grc'><strong>23</strong></span> 
     </span>
    </p>
   </div>
   <div class='ocr_carea' id='block_1_2' title="bbox 163 409 1713 5023">
    <p class='ocr_par' dir='ltr' id='par_1_2' title="bbox 163 409 1713 5023">
     <span class='ocr_line' id='line_1_2' title="bbox 163 409 1671 498; baseline -0.004 -17"><span class='ocrx_word' id='word_1_3' title='bbox 163 420 249 496; x_wconf 87' lang='lat' dir='ltr'>tibus,</span> <span class='ocrx_word' id='word_1_4' title='bbox 272 425 310 482; x_wconf 90' lang='lat' dir='ltr'>ut</span> <span class='ocrx_word' id='word_1_5' title='bbox 337 418 430 482; x_wconf 87' lang='lat' dir='ltr'>rebus</span> <span class='ocrx_word' id='word_1_6' title='bbox 457 423 535 496; x_wconf 88' lang='lat' dir='ltr'>suis,</span> <span class='ocrx_word' id='word_1_7' title='bbox 557 409 667 498; x_wconf 86' lang='lat' dir='ltr'>quibus</span> <span class='ocrx_word' id='word_1_8' title='bbox 687 419 795 496; x_wconf 79' lang='lat' dir='ltr'>alioqui</span> <span class='ocrx_word' id='word_1_9' title='bbox 817 419 894 480; x_wconf 91' lang='lat' dir='ltr'>male</span> <span class='ocrx_word' id='word_1_10' title='bbox 987 409 1301 483; x_wconf 80' lang='lat' dir='ltr'>AFFLEGEMENSlS</span> <span class='ocrx_word' id='word_1_11' title='bbox 1316 414 1567 494; x_wconf 76' lang='lat' dir='ltr'>chronographus</span> <span class='ocrx_word' id='word_1_12' title='bbox 1577 418 1671 476; x_wconf 82' lang='lat' dir='ltr'>contr</span> 
     </span>
     <span class='ocr_line' id='line_1_3' title="bbox 166 506 1669 592; baseline -0.005 -19"><span class='ocrx_word' id='word_1_13' title='bbox 166 514 338 577; x_wconf 84' lang='lat' dir='ltr'>consultum</span> <span class='ocrx_word' id='word_1_14' title='bbox 348 512 630 592; x_wconf 76' lang='lat' dir='ltr'>esset-,provideret</span> <span class='ocrx_word' id='word_1_15' title='bbox 640 510 894 589; x_wconf 87' lang='lat' dir='ltr'>Quiseredatpro-</span> <span class='ocrx_word' id='word_1_16' title='bbox 949 519 1127 591; x_wconf 85' lang='lat' dir='ltr'>nuatusper</span> <span class='ocrx_word' id='word_1_17' title='bbox 1155 509 1290 572; x_wconf 87' lang='lat' dir='ltr'>Odonem</span> <span class='ocrx_word' id='word_1_18' title='bbox 1315 506 1505 569; x_wconf 82' lang='lat' dir='ltr'>cambarium</span> <span class='ocrx_word' id='word_1_19' title='bbox 1522 509 1559 569; x_wconf 90' lang='lat' dir='ltr'>ab</span> <span class='ocrx_word' id='word_1_20' title='bbox 1582 507 1669 569; x_wconf 84' lang='lat' dir='ltr'>huno</span> 
     </span>
     <span class='ocr_line' id='line_1_4' title="bbox 166 599 1667 683; baseline -0.005 -17"><span class='ocrx_word' id='word_1_21' title='bbox 166 609 253 667; x_wconf 85' lang='lat' dir='ltr'>licisci</span> <span class='ocrx_word' id='word_1_22' title='bbox 279 606 356 667; x_wconf 90' lang='lat' dir='ltr'>haec</span> <span class='ocrx_word' id='word_1_23' title='bbox 373 605 411 665; x_wconf 88' lang='lat' dir='ltr'>ab</span> <span class='ocrx_word' id='word_1_24' title='bbox 435 605 538 667; x_wconf 78' lang='lat' dir='ltr'>hensa</span> <span class='ocrx_word' id='word_1_25' title='bbox 557 607 706 683; x_wconf 88' lang='lat' dir='ltr'>potuisse,</span> <span class='ocrx_word' id='word_1_26' title='bbox 720 605 771 682; x_wconf 91' lang='lat' dir='ltr'>qui</span> <span class='ocrx_word' id='word_1_27' title='bbox 785 605 893 665; x_wconf 85' lang='lat' dir='ltr'><strong>author</strong></span> <span class='ocrx_word' id='word_1_28' title='bbox 949 605 1026 668; x_wconf 87' lang='grc'><strong>4422</strong></span> <span class='ocrx_word' id='word_1_29' title='bbox 1044 619 1141 681; x_wconf 88' lang='lat' dir='ltr'>usque</span> <span class='ocrx_word' id='word_1_30' title='bbox 1157 602 1195 663; x_wconf 92' lang='lat' dir='ltr'>ad</span> <span class='ocrx_word' id='word_1_31' title='bbox 1210 599 1369 662; x_wconf 76' lang='lat' dir='ltr'><strong>Saeculum</strong></span> <span class='ocrx_word' id='word_1_32' title='bbox 1395 601 1462 661; x_wconf 79' lang='lat' dir='ltr'>xvl</span> <span class='ocrx_word' id='word_1_33' title='bbox 1480 599 1588 660; x_wconf 84' lang='lat' dir='ltr'>ibidem</span> <span class='ocrx_word' id='word_1_34' title='bbox 1603 617 1667 679; x_wconf 83' lang='lat' dir='ltr'>pag.</span> 
     </span>
     <span class='ocr_line' id='line_1_5' title="bbox 165 696 1713 774; baseline -0.003 -16"><span class='ocrx_word' id='word_1_35' title='bbox 165 700 255 760; x_wconf 89' lang='lat' dir='ltr'>luerat</span> <span class='ocrx_word' id='word_1_36' title='bbox 270 699 449 770; x_wconf 84' lang='lat' dir='ltr'>Germanis,</span> <span class='ocrx_word' id='word_1_37' title='bbox 465 703 500 758; x_wconf 93' lang='lat' dir='ltr'>ut</span> <span class='ocrx_word' id='word_1_38' title='bbox 523 696 648 757; x_wconf 78' lang='lat' dir='ltr'>concilio</span> <span class='ocrx_word' id='word_1_39' title='bbox 664 697 779 757; x_wconf 88' lang='lat' dir='ltr'>abiecto</span> <span class='ocrx_word' id='word_1_40' title='bbox 795 698 893 774; x_wconf 85' lang='lat' dir='ltr'>Euge·</span> <span class='ocrx_word' id='word_1_41' title='bbox 946 697 1107 757; x_wconf 83' lang='grc'><strong>776-749.</strong></span> <span class='ocrx_word' id='word_1_42' title='bbox 1710 750 1713 761; x_wconf 90' lang='grc'><strong>,</strong></span> 
     </span>
     <span class='ocr_line' id='line_1_6' title="bbox 165 784 1670 868; baseline -0.004 -19"><span class='ocrx_word' id='word_1_43' title='bbox 165 791 242 850; x_wconf 94' lang='lat' dir='ltr'>nium</span> <span class='ocrx_word' id='word_1_44' title='bbox 256 796 475 868; x_wconf 70' lang='lat' dir='ltr'>agnoscerent,</span> <span class='ocrx_word' id='word_1_45' title='bbox 487 795 518 848; x_wconf 93' lang='lat' dir='ltr'>et</span> <span class='ocrx_word' id='word_1_46' title='bbox 533 789 689 866; x_wconf 80' lang='lat' dir='ltr'><strong>legationis</strong></span> <span class='ocrx_word' id='word_1_47' title='bbox 702 799 738 849; x_wconf 89' lang='lat' dir='ltr'>ea</span> <span class='ocrx_word' id='word_1_48' title='bbox 751 787 789 848; x_wconf 91' lang='lat' dir='ltr'>de</span> <span class='ocrx_word' id='word_1_49' title='bbox 799 797 893 849; x_wconf 84' lang='lat' dir='ltr'>causa</span> <span class='ocrx_word' id='word_1_50' title='bbox 987 789 1188 850; x_wconf 83' lang='lat' dir='ltr'>hGhl‘ETUS</span> <span class='ocrx_word' id='word_1_51' title='bbox 1215 789 1237 848; x_wconf 96' lang='lat' dir='ltr'>l.</span> <span class='ocrx_word' id='word_1_52' title='bbox 1261 788 1427 866; x_wconf 81' lang='lat' dir='ltr'>Episcopus</span> <span class='ocrx_word' id='word_1_53' title='bbox 1452 785 1606 845; x_wconf 90' lang='lat' dir='ltr'>llomanus</span> <span class='ocrx_word' id='word_1_54' title='bbox 1631 784 1670 845; x_wconf 87' lang='lat' dir='ltr'>ab</span> 
     </span>
     <span class='ocr_line' id='line_1_7' title="bbox 169 875 1667 961; baseline -0.003 -20"><span class='ocrx_word' id='word_1_55' title='bbox 169 884 272 944; x_wconf 84' lang='lat' dir='ltr'>missae</span> <span class='ocrx_word' id='word_1_56' title='bbox 289 889 382 961; x_wconf 93' lang='lat' dir='ltr'>caput</span> <span class='ocrx_word' id='word_1_57' title='bbox 397 881 558 956; x_wconf 77' lang='lat' dir='ltr'>extiterat,</span> <span class='ocrx_word' id='word_1_58' title='bbox 572 898 610 942; x_wconf 89' lang='lat' dir='ltr'>ac</span> <span class='ocrx_word' id='word_1_59' title='bbox 621 880 742 942; x_wconf 89' lang='lat' dir='ltr'>demum</span> <span class='ocrx_word' id='word_1_60' title='bbox 757 881 891 958; x_wconf 83' lang='lat' dir='ltr'>Eugenio</span> <span class='ocrx_word' id='word_1_61' title='bbox 946 880 1033 943; x_wconf 81' lang='lat' dir='ltr'>Anno</span> <span class='ocrx_word' id='word_1_62' title='bbox 1047 881 1156 950; x_wconf 82' lang='lat' dir='ltr'>Christi</span> <span class='ocrx_word' id='word_1_63' title='bbox 1169 881 1227 942; x_wconf 90' lang='grc'><strong>535</strong></span> <span class='ocrx_word' id='word_1_64' title='bbox 1244 881 1282 943; x_wconf 87' lang='grc'>29</span> <span class='ocrx_word' id='word_1_65' title='bbox 1294 878 1385 958; x_wconf 80' lang='lat' dir='ltr'>April.</span> <span class='ocrx_word' id='word_1_66' title='bbox 1396 877 1434 939; x_wconf 90' lang='lat' dir='ltr'>ad</span> <span class='ocrx_word' id='word_1_67' title='bbox 1451 878 1518 938; x_wconf 86' lang='grc'><strong>536.</strong></span> <span class='ocrx_word' id='word_1_68' title='bbox 1534 875 1667 955; x_wconf 75' lang='grc'><strong>4744444.</strong></span> 
     </span>
     <span class='ocr_line' id='line_1_8' title="bbox 170 968 1668 1036; baseline -0.006 0"><span class='ocrx_word' id='word_1_69' title='bbox 170 975 298 1036; x_wconf 86' lang='grc'><strong>44444644</strong></span> <span class='ocrx_word' id='word_1_70' title='bbox 323 975 479 1036; x_wconf 91' lang='lat' dir='ltr'>luculenta</span> <span class='ocrx_word' id='word_1_71' title='bbox 502 974 634 1036; x_wconf 90' lang='lat' dir='ltr'>oratione</span> <span class='ocrx_word' id='word_1_72' title='bbox 650 990 706 1034; x_wconf 89' lang='lat' dir='ltr'>suo</span> <span class='ocrx_word' id='word_1_73' title='bbox 721 979 753 1033; x_wconf 91' lang='lat' dir='ltr'>et</span> <span class='ocrx_word' id='word_1_74' title='bbox 769 972 893 1033; x_wconf 74' lang='lat' dir='ltr'>Germa-</span> <span class='ocrx_word' id='word_1_75' title='bbox 947 982 978 1035; x_wconf 93' lang='lat' dir='ltr'>et</span> <span class='ocrx_word' id='word_1_76' title='bbox 995 973 1199 1035; x_wconf 82' lang='lat' dir='ltr'>hGhPETUS</span> <span class='ocrx_word' id='word_1_77' title='bbox 1213 973 1251 1034; x_wconf 92' lang='lat' dir='ltr'>ll.</span> <span class='ocrx_word' id='word_1_78' title='bbox 1269 973 1306 1034; x_wconf 95' lang='lat' dir='ltr'>ab</span> <span class='ocrx_word' id='word_1_79' title='bbox 1320 972 1407 1032; x_wconf 84' lang='lat' dir='ltr'>huno</span> <span class='ocrx_word' id='word_1_80' title='bbox 1422 970 1516 1031; x_wconf 86' lang='grc'><strong>9462</strong></span> <span class='ocrx_word' id='word_1_81' title='bbox 1531 971 1613 1031; x_wconf 85' lang='lat' dir='ltr'>lunii</span> <span class='ocrx_word' id='word_1_82' title='bbox 1630 968 1668 1030; x_wconf 90' lang='lat' dir='ltr'>ad</span> 
     </span>
     <span class='ocr_line' id='line_1_9' title="bbox 171 1063 1669 1144; baseline -0.002 -20"><span class='ocrx_word' id='word_1_83' title='bbox 171 1083 270 1127; x_wconf 88' lang='lat' dir='ltr'>norum</span> <span class='ocrx_word' id='word_1_84' title='bbox 281 1067 404 1127; x_wconf 89' lang='lat' dir='ltr'>nomine</span> <span class='ocrx_word' id='word_1_85' title='bbox 413 1063 591 1143; x_wconf 87' lang='lat' dir='ltr'>obsequium</span> <span class='ocrx_word' id='word_1_86' title='bbox 602 1065 699 1144; x_wconf 90' lang='lat' dir='ltr'>palam</span> <span class='ocrx_word' id='word_1_87' title='bbox 710 1066 892 1138; x_wconf 77' lang='lat' dir='ltr'>restituerat,</span> <span class='ocrx_word' id='word_1_88' title='bbox 946 1068 1014 1128; x_wconf 88' lang='grc'><strong>956.</strong></span> <span class='ocrx_word' id='word_1_89' title='bbox 1024 1069 1054 1128; x_wconf 97' lang='grc'>44</span> <span class='ocrx_word' id='word_1_90' title='bbox 1074 1068 1221 1141; x_wconf 89' lang='lat' dir='ltr'>Januan&#39;i,</span> <span class='ocrx_word' id='word_1_91' title='bbox 1238 1082 1367 1144; x_wconf 87' lang='lat' dir='ltr'>quorum</span> <span class='ocrx_word' id='word_1_92' title='bbox 1381 1063 1453 1124; x_wconf 92' lang='lat' dir='ltr'>nihil</span> <span class='ocrx_word' id='word_1_93' title='bbox 1467 1069 1568 1125; x_wconf 85' lang='lat' dir='ltr'>exstat</span> <span class='ocrx_word' id='word_1_94' title='bbox 1584 1078 1669 1141; x_wconf 89' lang='lat' dir='ltr'>prae-</span> 
     </span>
     <span class='ocr_line' id='line_1_10' title="bbox 172 1155 1700 1237; baseline -0.004 -19"><span class='ocrx_word' id='word_1_95' title='bbox 172 1176 199 1218; x_wconf 90' lang='lat' dir='ltr'>ac</span> <span class='ocrx_word' id='word_1_96' title='bbox 209 1156 392 1237; x_wconf 77' lang='lat' dir='ltr'>iuraverat?</span> <span class='ocrx_word' id='word_1_97' title='bbox 948 1166 995 1219; x_wconf 86' lang='lat' dir='ltr'>ter</span> <span class='ocrx_word' id='word_1_98' title='bbox 1010 1157 1182 1237; x_wconf 85' lang='lat' dir='ltr'>Epistolas,</span> <span class='ocrx_word' id='word_1_99' title='bbox 1197 1163 1259 1218; x_wconf 88' lang='lat' dir='ltr'>octa</span> <span class='ocrx_word' id='word_1_100' title='bbox 1281 1156 1402 1236; x_wconf 88' lang='lat' dir='ltr'>quidem</span> <span class='ocrx_word' id='word_1_101' title='bbox 1420 1155 1544 1234; x_wconf 78' lang='lat' dir='ltr'>Agapeti</span> <span class='ocrx_word' id='word_1_102' title='bbox 1560 1155 1668 1233; x_wconf 89' lang='lat' dir='ltr'>primi,</span> <span class='ocrx_word' id='word_1_103' title='bbox 1698 1218 1700 1223; x_wconf 68' lang='lat'>,</span> 
     </span>
     <span class='ocr_line' id='line_1_11' title="bbox 204 1245 1669 1330; baseline -0.005 -19"><span class='ocrx_word' id='word_1_104' title='bbox 204 1248 325 1311; x_wconf 78' lang='lat' dir='ltr'>Aeneae</span> <span class='ocrx_word' id='word_1_105' title='bbox 339 1251 436 1329; x_wconf 85' lang='lat' dir='ltr'>Sylvii</span> <span class='ocrx_word' id='word_1_106' title='bbox 460 1267 581 1313; x_wconf 83' lang='lat' dir='ltr'>cannen</span> <span class='ocrx_word' id='word_1_107' title='bbox 603 1253 633 1311; x_wconf 88' lang='lat' dir='ltr'>in</span> <span class='ocrx_word' id='word_1_108' title='bbox 655 1250 766 1313; x_wconf 84' lang='lat' dir='ltr'>Christi</span> <span class='ocrx_word' id='word_1_109' title='bbox 780 1251 893 1329; x_wconf 79' lang='lat' dir='ltr'>passio</span> <span class='ocrx_word' id='word_1_110' title='bbox 946 1258 977 1312; x_wconf 87' lang='grc'>44</span> <span class='ocrx_word' id='word_1_111' title='bbox 999 1249 1123 1311; x_wconf 88' lang='lat' dir='ltr'>secundi</span> <span class='ocrx_word' id='word_1_112' title='bbox 1137 1248 1289 1330; x_wconf 77' lang='lat' dir='ltr'>Epistobss</span> <span class='ocrx_word' id='word_1_113' title='bbox 1305 1251 1346 1327; x_wconf 88' lang='lat' dir='ltr'>ll,</span> <span class='ocrx_word' id='word_1_114' title='bbox 1362 1252 1390 1309; x_wconf 90' lang='lat' dir='ltr'>in</span> <span class='ocrx_word' id='word_1_115' title='bbox 1418 1249 1508 1308; x_wconf 90' lang='lat' dir='ltr'>tomis</span> <span class='ocrx_word' id='word_1_116' title='bbox 1524 1245 1669 1309; x_wconf 75' lang='lat' dir='ltr'>Concilio</span> 
     </span>
     <span class='ocr_line' id='line_1_12' title="bbox 175 1339 1667 1423; baseline -0.003 -22"><span class='ocrx_word' id='word_1_117' title='bbox 175 1360 234 1404; x_wconf 90' lang='lat' dir='ltr'>nem</span> <span class='ocrx_word' id='word_1_118' title='bbox 245 1342 356 1422; x_wconf 87' lang='lat' dir='ltr'>prodiit</span> <span class='ocrx_word' id='word_1_119' title='bbox 366 1345 499 1405; x_wconf 88' lang='lat' dir='ltr'>Viennae</span> <span class='ocrx_word' id='word_1_120' title='bbox 509 1345 540 1403; x_wconf 91' lang='lat' dir='ltr'>ln</span> <span class='ocrx_word' id='word_1_121' title='bbox 550 1343 672 1405; x_wconf 80' lang='lat' dir='ltr'>Austris</span> <span class='ocrx_word' id='word_1_122' title='bbox 683 1345 713 1403; x_wconf 91' lang='lat' dir='ltr'>in</span> <span class='ocrx_word' id='word_1_123' title='bbox 726 1344 855 1412; x_wconf 78' lang='grc'><strong>444454</strong></span> <span class='ocrx_word' id='word_1_124' title='bbox 862 1343 890 1402; x_wconf 92' lang='grc'>6.</span> <span class='ocrx_word' id='word_1_125' title='bbox 947 1361 1013 1406; x_wconf 90' lang='lat' dir='ltr'>rum</span> <span class='ocrx_word' id='word_1_126' title='bbox 1031 1345 1151 1423; x_wconf 88' lang='lat' dir='ltr'>saepius</span> <span class='ocrx_word' id='word_1_127' title='bbox 1165 1344 1275 1421; x_wconf 83' lang='lat' dir='ltr'>editas,</span> <span class='ocrx_word' id='word_1_128' title='bbox 1286 1343 1324 1404; x_wconf 88' lang='lat' dir='ltr'>de</span> <span class='ocrx_word' id='word_1_129' title='bbox 1341 1343 1450 1420; x_wconf 87' lang='lat' dir='ltr'>quibus</span> <span class='ocrx_word' id='word_1_130' title='bbox 1461 1339 1555 1400; x_wconf 90' lang='lat' dir='ltr'>videri</span> <span class='ocrx_word' id='word_1_131' title='bbox 1569 1345 1667 1418; x_wconf 90' lang='lat' dir='ltr'>potest</span> 
     </span>
     <span class='ocr_line' id='line_1_13' title="bbox 175 1426 1668 1515; baseline -0.003 -21"><span class='ocrx_word' id='word_1_132' title='bbox 175 1451 315 1497; x_wconf 89' lang='lat' dir='ltr'>unacum</span> <span class='ocrx_word' id='word_1_133' title='bbox 330 1437 396 1497; x_wconf 87' lang='lat' dir='ltr'>aliis</span> <span class='ocrx_word' id='word_1_134' title='bbox 409 1426 535 1498; x_wconf 89' lang='lat' dir='ltr'>aliorum</span> <span class='ocrx_word' id='word_1_135' title='bbox 549 1434 752 1515; x_wconf 85' lang='lat' dir='ltr'>poematibus,</span> <span class='ocrx_word' id='word_1_136' title='bbox 767 1435 892 1512; x_wconf 89' lang='lat' dir='ltr'>aliisque</span> <span class='ocrx_word' id='word_1_137' title='bbox 946 1435 1280 1497; x_wconf 84' lang='lat' dir='ltr'>Ludovicuslacabusa</span> <span class='ocrx_word' id='word_1_138' title='bbox 1291 1435 1321 1495; x_wconf 89' lang='lat' dir='ltr'>S.</span> <span class='ocrx_word' id='word_1_139' title='bbox 1332 1434 1436 1497; x_wconf 85' lang='lat' dir='ltr'>carolo</span> <span class='ocrx_word' id='word_1_140' title='bbox 1448 1436 1478 1492; x_wconf 94' lang='lat' dir='ltr'>in</span> <span class='ocrx_word' id='word_1_141' title='bbox 1487 1431 1668 1493; x_wconf 85' lang='lat' dir='ltr'>Bibliotheca</span> 
     </span>
     <span class='ocr_line' id='line_1_14' title="bbox 176 1522 1670 1632; baseline -0.003 -46"><span class='ocrx_word' id='word_1_142' title='bbox 176 1528 259 1587; x_wconf 75' lang='lat' dir='ltr'>acris</span> <span class='ocrx_word' id='word_1_143' title='bbox 272 1529 437 1605; x_wconf 85' lang='lat' dir='ltr'>opusculis</span> <span class='ocrx_word' id='word_1_144' title='bbox 945 1528 1106 1590; x_wconf 79' lang='lat' dir='ltr'>Pontificia:</span> <span class='ocrx_word' id='word_1_145' title='bbox 1122 1529 1256 1632; x_wconf 85' lang='lat' dir='ltr'>Epistola</span> <span class='ocrx_word' id='word_1_146' title='bbox 1269 1527 1394 1605; x_wconf 82' lang='lat' dir='ltr'>hgapeti</span> <span class='ocrx_word' id='word_1_147' title='bbox 1405 1527 1491 1604; x_wconf 89' lang='lat' dir='ltr'>primi</span> <span class='ocrx_word' id='word_1_148' title='bbox 1507 1523 1545 1588; x_wconf 89' lang='lat' dir='ltr'>ad</span> <span class='ocrx_word' id='word_1_149' title='bbox 1562 1522 1670 1585; x_wconf 86' lang='lat' dir='ltr'>hnthi-</span> 
     </span>
     <span class='ocr_line' id='line_1_15' title="bbox 206 1614 1666 1700; baseline -0.006 -19"><span class='ocrx_word' id='word_1_150' title='bbox 206 1618 353 1681; x_wconf 88' lang='lat' dir='ltr'>Eiusdem</span> <span class='ocrx_word' id='word_1_151' title='bbox 369 1637 491 1681; x_wconf 86' lang='lat' dir='ltr'>carmen</span> <span class='ocrx_word' id='word_1_152' title='bbox 508 1621 584 1681; x_wconf 90' lang='lat' dir='ltr'>inS.</span> <span class='ocrx_word' id='word_1_153' title='bbox 605 1617 808 1699; x_wconf 74' lang='lat' dir='ltr'>Augustinum</span> <span class='ocrx_word' id='word_1_154' title='bbox 822 1619 894 1696; x_wconf 84' lang='lat' dir='ltr'>legi·</span> <span class='ocrx_word' id='word_1_155' title='bbox 947 1637 1029 1682; x_wconf 89' lang='lat' dir='ltr'>mum</span> <span class='ocrx_word' id='word_1_156' title='bbox 1050 1622 1133 1700; x_wconf 89' lang='lat' dir='ltr'>Cpol.</span> <span class='ocrx_word' id='word_1_157' title='bbox 1161 1622 1261 1699; x_wconf 90' lang='lat' dir='ltr'>spuria</span> <span class='ocrx_word' id='word_1_158' title='bbox 1288 1620 1362 1679; x_wconf 87' lang='lat' dir='ltr'>viris</span> <span class='ocrx_word' id='word_1_159' title='bbox 1387 1617 1484 1678; x_wconf 86' lang='lat' dir='ltr'>doctis</span> <span class='ocrx_word' id='word_1_160' title='bbox 1506 1614 1666 1693; x_wconf 87' lang='lat' dir='ltr'>judicatur.</span> 
     </span>
     <span class='ocr_line' id='line_1_16' title="bbox 176 1706 1670 1792; baseline -0.002 -22"><span class='ocrx_word' id='word_1_161' title='bbox 176 1715 262 1774; x_wconf 91' lang='lat' dir='ltr'>turm</span> <span class='ocrx_word' id='word_1_162' title='bbox 275 1713 453 1774; x_wconf 88' lang='lat' dir='ltr'>Sanctuano</span> <span class='ocrx_word' id='word_1_163' title='bbox 462 1712 597 1791; x_wconf 83' lang='lat' dir='ltr'>Paprensr</span> <span class='ocrx_word' id='word_1_164' title='bbox 610 1711 711 1772; x_wconf 86' lang='lat' dir='ltr'>lacobi</span> <span class='ocrx_word' id='word_1_165' title='bbox 725 1709 829 1772; x_wconf 90' lang='lat' dir='ltr'>Gualle</span> <span class='ocrx_word' id='word_1_166' title='bbox 843 1711 892 1770; x_wconf 89' lang='lat' dir='ltr'>lib.</span> <span class='ocrx_word' id='word_1_167' title='bbox 946 1713 1071 1791; x_wconf 79' lang='lat' dir='ltr'>hgnpeti</span> <span class='ocrx_word' id='word_1_168' title='bbox 1091 1713 1214 1775; x_wconf 87' lang='lat' dir='ltr'>secundi</span> <span class='ocrx_word' id='word_1_169' title='bbox 1231 1709 1394 1792; x_wconf 73' lang='lat' dir='ltr'>Epasblam</span> <span class='ocrx_word' id='word_1_170' title='bbox 1414 1708 1533 1770; x_wconf 83' lang='lat' dir='ltr'>tertiam</span> <span class='ocrx_word' id='word_1_171' title='bbox 1552 1706 1590 1768; x_wconf 90' lang='lat' dir='ltr'>ad</span> <span class='ocrx_word' id='word_1_172' title='bbox 1611 1706 1670 1767; x_wconf 89' lang='lat' dir='ltr'>Ge-</span> 
     </span>
     <span class='ocr_line' id='line_1_17' title="bbox 177 1798 1669 1883; baseline -0.005 -16.83"><span class='ocrx_word' id='word_1_173' title='bbox 177 1804 278 1883; x_wconf 50' lang='grc'><strong>3443</strong></span> <span class='ocrx_word' id='word_1_174' title='bbox 297 1806 346 1866; x_wconf 86' lang='grc'><strong>54).</strong></span> <span class='ocrx_word' id='word_1_175' title='bbox 947 1805 1092 1881; x_wconf 86' lang='lat' dir='ltr'>rardum,</span> <span class='ocrx_word' id='word_1_176' title='bbox 1120 1807 1325 1868; x_wconf 79' lang='lat' dir='ltr'>lauriacensis</span> <span class='ocrx_word' id='word_1_177' title='bbox 1348 1804 1491 1864; x_wconf 85' lang='lat' dir='ltr'>eeclesiae</span> <span class='ocrx_word' id='word_1_178' title='bbox 1516 1798 1669 1877; x_wconf 75' lang='grc'><strong>444444444-</strong></span> 
     </span>
     <span class='ocr_line' id='line_1_18' title="bbox 208 1891 1668 1977; baseline -0.004 -21"><span class='ocrx_word' id='word_1_179' title='bbox 208 1896 361 1974; x_wconf 82' lang='lat' dir='ltr'>Epistulae</span> <span class='ocrx_word' id='word_1_180' title='bbox 377 1899 444 1957; x_wconf 87' lang='lat' dir='ltr'>eius</span> <span class='ocrx_word' id='word_1_181' title='bbox 460 1903 576 1974; x_wconf 87' lang='lat' dir='ltr'>septem</span> <span class='ocrx_word' id='word_1_182' title='bbox 590 1895 628 1956; x_wconf 92' lang='lat' dir='ltr'>ad</span> <span class='ocrx_word' id='word_1_183' title='bbox 642 1897 764 1956; x_wconf 88' lang='lat' dir='ltr'>Petrum</span> <span class='ocrx_word' id='word_1_184' title='bbox 778 1895 817 1956; x_wconf 89' lang='lat' dir='ltr'>da</span> <span class='ocrx_word' id='word_1_185' title='bbox 838 1897 896 1957; x_wconf 84' lang='lat' dir='ltr'>No-</span> <span class='ocrx_word' id='word_1_186' title='bbox 948 1914 1091 1977; x_wconf 91' lang='lat' dir='ltr'>scopum,</span> <span class='ocrx_word' id='word_1_187' title='bbox 1119 1897 1212 1960; x_wconf 87' lang='lat' dir='ltr'>edidit</span> <span class='ocrx_word' id='word_1_188' title='bbox 1241 1895 1473 1975; x_wconf 80' lang='lat' dir='ltr'>christophorus</span> <span class='ocrx_word' id='word_1_189' title='bbox 1503 1891 1668 1954; x_wconf 87' lang='lat' dir='ltr'>Gewoldus</span> 
     </span>
     <span class='ocr_line' id='line_1_19' title="bbox 177 1984 1667 2066; baseline -0.005 -18"><span class='ocrx_word' id='word_1_190' title='bbox 177 1993 245 2061; x_wconf 87' lang='lat' dir='ltr'>ceto,</span> <span class='ocrx_word' id='word_1_191' title='bbox 255 2006 386 2066; x_wconf 88' lang='lat' dir='ltr'>quarum</span> <span class='ocrx_word' id='word_1_192' title='bbox 398 1988 475 2050; x_wconf 90' lang='lat' dir='ltr'>duae</span> <span class='ocrx_word' id='word_1_193' title='bbox 490 1994 609 2049; x_wconf 91' lang='lat' dir='ltr'>tantum</span> <span class='ocrx_word' id='word_1_194' title='bbox 631 1986 740 2060; x_wconf 87' lang='lat' dir='ltr'>ibidem</span> <span class='ocrx_word' id='word_1_195' title='bbox 754 1988 895 2066; x_wconf 86' lang='lat' dir='ltr'>vulgatae</span> <span class='ocrx_word' id='word_1_196' title='bbox 947 2008 1017 2053; x_wconf 88' lang='lat' dir='ltr'>cum</span> <span class='ocrx_word' id='word_1_197' title='bbox 1038 1991 1183 2053; x_wconf 84' lang='lat' dir='ltr'>Chronico</span> <span class='ocrx_word' id='word_1_198' title='bbox 1202 1988 1502 2066; x_wconf 79' lang='lat' dir='ltr'>lleicharspergensi,</span> <span class='ocrx_word' id='word_1_199' title='bbox 1523 1984 1667 2047; x_wconf 86' lang='lat' dir='ltr'>llonaclrii</span> 
     </span>
     <span class='ocr_line' id='line_1_20' title="bbox 178 2078 1513 2159; baseline -0.001 -19"><span class='ocrx_word' id='word_1_200' title='bbox 178 2085 262 2156; x_wconf 85' lang='lat' dir='ltr'>sunt,</span> <span class='ocrx_word' id='word_1_201' title='bbox 289 2079 460 2141; x_wconf 88' lang='lat' dir='ltr'>indicantur</span> <span class='ocrx_word' id='word_1_202' title='bbox 484 2082 512 2143; x_wconf 89' lang='lat' dir='ltr'>in</span> <span class='ocrx_word' id='word_1_203' title='bbox 537 2079 669 2159; x_wconf 84' lang='lat' dir='ltr'>catalogo</span> <span class='ocrx_word' id='word_1_204' title='bbox 696 2078 894 2141; x_wconf 87' lang='lat' dir='ltr'>Bibliothecae</span> <span class='ocrx_word' id='word_1_205' title='bbox 949 2085 1020 2146; x_wconf 95' lang='grc'><strong>4644</strong></span> <span class='ocrx_word' id='word_1_206' title='bbox 1041 2084 1104 2144; x_wconf 85' lang='grc'>444</span> <span class='ocrx_word' id='word_1_207' title='bbox 1120 2084 1295 2144; x_wconf 79' lang='lat' dir='ltr'>lambecius</span> <span class='ocrx_word' id='word_1_208' title='bbox 1307 2082 1345 2140; x_wconf 90' lang='grc'>44.</span> <span class='ocrx_word' id='word_1_209' title='bbox 1363 2097 1428 2159; x_wconf 82' lang='lat' dir='ltr'>pag.</span> <span class='ocrx_word' id='word_1_210' title='bbox 1445 2080 1513 2140; x_wconf 95' lang='grc'><strong>654.</strong></span> 
     </span>
     <span class='ocr_line' id='line_1_21' title="bbox 177 2170 1669 2254; baseline -0.001 -24"><span class='ocrx_word' id='word_1_211' title='bbox 177 2170 381 2233; x_wconf 88' lang='lat' dir='ltr'>lliceardianae</span> <span class='ocrx_word' id='word_1_212' title='bbox 394 2189 464 2233; x_wconf 88' lang='lat' dir='ltr'>curn</span> <span class='ocrx_word' id='word_1_213' title='bbox 478 2172 610 2233; x_wconf 88' lang='lat' dir='ltr'>carmine</span> <span class='ocrx_word' id='word_1_214' title='bbox 626 2170 662 2232; x_wconf 91' lang='lat' dir='ltr'>ad</span> <span class='ocrx_word' id='word_1_215' title='bbox 679 2174 711 2231; x_wconf 90' lang='lat' dir='ltr'>B.</span> <span class='ocrx_word' id='word_1_216' title='bbox 723 2171 893 2248; x_wconf 85' lang='lat' dir='ltr'>Virginem,</span> <span class='ocrx_word' id='word_1_217' title='bbox 989 2174 1142 2254; x_wconf 72' lang='lat' dir='ltr'>*Agapeti</span> <span class='ocrx_word' id='word_1_218' title='bbox 1158 2177 1193 2235; x_wconf 92' lang='lat' dir='ltr'>ll.</span> <span class='ocrx_word' id='word_1_219' title='bbox 1217 2173 1359 2253; x_wconf 89' lang='lat' dir='ltr'>epistolas</span> <span class='ocrx_word' id='word_1_220' title='bbox 1375 2180 1438 2232; x_wconf 88' lang='lat' dir='ltr'>tres</span> <span class='ocrx_word' id='word_1_221' title='bbox 1464 2185 1519 2247; x_wconf 86' lang='lat' dir='ltr'>ega</span> <span class='ocrx_word' id='word_1_222' title='bbox 1543 2170 1573 2227; x_wconf 93' lang='lat' dir='ltr'>in</span> <span class='ocrx_word' id='word_1_223' title='bbox 1602 2184 1669 2228; x_wconf 89' lang='lat' dir='ltr'>meo</span> 
     </span>
     <span class='ocr_line' id='line_1_22' title="bbox 177 2260 1669 2348; baseline -0.004 -23"><span class='ocrx_word' id='word_1_224' title='bbox 177 2266 256 2325; x_wconf 83' lang='lat' dir='ltr'>taius</span> <span class='ocrx_word' id='word_1_225' title='bbox 272 2265 365 2324; x_wconf 88' lang='lat' dir='ltr'>etiam</span> <span class='ocrx_word' id='word_1_226' title='bbox 379 2267 474 2343; x_wconf 92' lang='lat' dir='ltr'>portio</span> <span class='ocrx_word' id='word_1_227' title='bbox 489 2265 526 2325; x_wconf 89' lang='lat' dir='ltr'>ibi</span> <span class='ocrx_word' id='word_1_228' title='bbox 537 2263 654 2344; x_wconf 83' lang='lat' dir='ltr'>legitur.</span> <span class='ocrx_word' id='word_1_229' title='bbox 946 2270 1155 2348; x_wconf 91' lang='lat' dir='ltr'>supplemento</span> <span class='ocrx_word' id='word_1_230' title='bbox 1176 2268 1213 2328; x_wconf 90' lang='lat' dir='ltr'>ad</span> <span class='ocrx_word' id='word_1_231' title='bbox 1236 2266 1358 2327; x_wconf 90' lang='lat' dir='ltr'>concilia</span> <span class='ocrx_word' id='word_1_232' title='bbox 1384 2262 1442 2323; x_wconf 91' lang='lat' dir='ltr'>val.</span> <span class='ocrx_word' id='word_1_233' title='bbox 1460 2263 1481 2323; x_wconf 97' lang='lat' dir='ltr'>l.</span> <span class='ocrx_word' id='word_1_234' title='bbox 1505 2277 1571 2340; x_wconf 77' lang='lat' dir='ltr'>pag.</span> <span class='ocrx_word' id='word_1_235' title='bbox 1589 2260 1669 2321; x_wconf 89' lang='grc'><strong>4423</strong></span> 
     </span>
     <span class='ocr_line' id='line_1_23' title="bbox 211 2351 1669 2440; baseline -0.001 -25"><span class='ocrx_word' id='word_1_236' title='bbox 211 2357 248 2432; x_wconf 77' lang='lat' dir='ltr'>(d)</span> <span class='ocrx_word' id='word_1_237' title='bbox 266 2355 447 2417; x_wconf 85' lang='lat' dir='ltr'>Prodierunt</span> <span class='ocrx_word' id='word_1_238' title='bbox 463 2373 568 2418; x_wconf 86' lang='lat' dir='ltr'>revera</span> <span class='ocrx_word' id='word_1_239' title='bbox 581 2356 631 2418; x_wconf 84' lang='lat' dir='ltr'>Pii</span> <span class='ocrx_word' id='word_1_240' title='bbox 645 2357 680 2416; x_wconf 89' lang='grc'>44</span> <span class='ocrx_word' id='word_1_241' title='bbox 691 2354 760 2416; x_wconf 84' lang='lat' dir='ltr'>olim</span> <span class='ocrx_word' id='word_1_242' title='bbox 775 2356 891 2417; x_wconf 82' lang='grc'><strong>444444</strong></span> <span class='ocrx_word' id='word_1_243' title='bbox 945 2361 1045 2422; x_wconf 87' lang='lat' dir='ltr'>adieci.</span> <span class='ocrx_word' id='word_1_244' title='bbox 1070 2362 1182 2423; x_wconf 88' lang='lat' dir='ltr'>Eamm</span> <span class='ocrx_word' id='word_1_245' title='bbox 1198 2362 1324 2440; x_wconf 90' lang='lat' dir='ltr'>primam</span> <span class='ocrx_word' id='word_1_246' title='bbox 1338 2358 1438 2434; x_wconf 87' lang='lat' dir='ltr'>accepi</span> <span class='ocrx_word' id='word_1_247' title='bbox 1454 2370 1495 2416; x_wconf 84' lang='lat' dir='ltr'>ex</span> <span class='ocrx_word' id='word_1_248' title='bbox 1513 2351 1669 2415; x_wconf 76' lang='lat' dir='ltr'>ldanlceuio</span> 
     </span>
     <span class='ocr_line' id='line_1_24' title="bbox 176 2445 1671 2528; baseline -0.003 -19"><span class='ocrx_word' id='word_1_249' title='bbox 176 2445 496 2528; x_wconf 74' lang='lat' dir='ltr'>Sylvii&#39;l’t&#39;ccolominei</span> <span class='ocrx_word' id='word_1_250' title='bbox 509 2450 612 2514; x_wconf 78' lang='lat' dir='ltr'>Sanan.</span> <span class='ocrx_word' id='word_1_251' title='bbox 630 2449 786 2512; x_wconf 83' lang='lat' dir='ltr'>Orationes</span> <span class='ocrx_word' id='word_1_252' title='bbox 800 2449 892 2526; x_wconf 82' lang='grc'><strong>(4114)</strong></span> <span class='ocrx_word' id='word_1_253' title='bbox 945 2455 1055 2515; x_wconf 87' lang='lat' dir='ltr'>llerum</span> <span class='ocrx_word' id='word_1_254' title='bbox 1069 2453 1270 2514; x_wconf 89' lang='lat' dir='ltr'>Germanicar.</span> <span class='ocrx_word' id='word_1_255' title='bbox 1285 2460 1358 2512; x_wconf 91' lang='lat' dir='ltr'>tam.</span> <span class='ocrx_word' id='word_1_256' title='bbox 1371 2451 1394 2525; x_wconf 92' lang='grc'>4,</span> <span class='ocrx_word' id='word_1_257' title='bbox 1404 2466 1471 2527; x_wconf 83' lang='lat' dir='ltr'>pag.</span> <span class='ocrx_word' id='word_1_258' title='bbox 1487 2448 1556 2521; x_wconf 86' lang='grc'><strong>585,</strong></span> <span class='ocrx_word' id='word_1_259' title='bbox 1569 2446 1622 2524; x_wconf 91' lang='lat' dir='ltr'>qui</span> <span class='ocrx_word' id='word_1_260' title='bbox 1636 2445 1671 2505; x_wconf 92' lang='lat' dir='ltr'>il-</span> 
     </span>
     <span class='ocr_line' id='line_1_25' title="bbox 172 2538 1670 2620; baseline -0.001 -20"><span class='ocrx_word' id='word_1_261' title='bbox 172 2538 308 2620; x_wconf 80' lang='lat' dir='ltr'>pois&#39;ticoe</span> <span class='ocrx_word' id='word_1_262' title='bbox 323 2545 353 2600; x_wconf 85' lang='lat' dir='ltr'>et</span> <span class='ocrx_word' id='word_1_263' title='bbox 372 2538 588 2603; x_wconf 75' lang='lat' dir='ltr'>ecclmnbsticae</span> <span class='ocrx_word' id='word_1_264' title='bbox 613 2547 666 2602; x_wconf 90' lang='grc'><strong>444.</strong></span> <span class='ocrx_word' id='word_1_265' title='bbox 693 2541 891 2620; x_wconf 76' lang='grc'><strong>4494444444,</strong></span> <span class='ocrx_word' id='word_1_266' title='bbox 946 2546 1005 2607; x_wconf 89' lang='lat' dir='ltr'>lam</span> <span class='ocrx_word' id='word_1_267' title='bbox 1021 2564 1059 2607; x_wconf 82' lang='lat' dir='ltr'>ex</span> <span class='ocrx_word' id='word_1_268' title='bbox 1073 2547 1132 2607; x_wconf 90' lang='lat' dir='ltr'>llS.</span> <span class='ocrx_word' id='word_1_269' title='bbox 1146 2546 1299 2606; x_wconf 86' lang='lat' dir='ltr'>Bremensi</span> <span class='ocrx_word' id='word_1_270' title='bbox 1311 2543 1450 2603; x_wconf 90' lang='lat' dir='ltr'>chronico</span> <span class='ocrx_word' id='word_1_271' title='bbox 1458 2540 1541 2602; x_wconf 89' lang='lat' dir='ltr'>dedit</span> <span class='ocrx_word' id='word_1_272' title='bbox 1552 2556 1560 2615; x_wconf 83' lang='lat'>3</span> <span class='ocrx_word' id='word_1_273' title='bbox 1573 2554 1670 2618; x_wconf 86' lang='lat' dir='ltr'>eaque</span> 
     </span>
     <span class='ocr_line' id='line_1_26' title="bbox 176 2631 1670 2715; baseline -0.001 -22"><span class='ocrx_word' id='word_1_274' title='bbox 176 2631 413 2695; x_wconf 76' lang='lat' dir='ltr'>adnotationibus</span> <span class='ocrx_word' id='word_1_275' title='bbox 427 2632 654 2715; x_wconf 70' lang='lat' dir='ltr'>,etpruefatione</span> <span class='ocrx_word' id='word_1_276' title='bbox 675 2634 894 2696; x_wconf 74' lang='grc'><strong>4444444444-</strong></span> <span class='ocrx_word' id='word_1_277' title='bbox 945 2631 1670 2715; x_wconf 77' lang='lat' dir='ltr'>Pontilaxjunctianemecclesiaebremensiscum</span> 
     </span>
     <span class='ocr_line' id='line_1_27' title="bbox 175 2723 1669 2809; baseline -0.001 -24"><span class='ocrx_word' id='word_1_278' title='bbox 175 2743 228 2805; x_wconf 81' lang='lat' dir='ltr'>pne</span> <span class='ocrx_word' id='word_1_279' title='bbox 242 2723 409 2806; x_wconf 76' lang='lat' dir='ltr'>appendice</span> <span class='ocrx_word' id='word_1_280' title='bbox 427 2724 518 2787; x_wconf 82' lang='lat' dir='ltr'>aliar.</span> <span class='ocrx_word' id='word_1_281' title='bbox 542 2724 784 2789; x_wconf 78' lang='lat' dir='ltr'>lucubrationum</span> <span class='ocrx_word' id='word_1_282' title='bbox 802 2726 893 2789; x_wconf 81' lang='lat' dir='ltr'>inedi-</span> <span class='ocrx_word' id='word_1_283' title='bbox 946 2724 1669 2809; x_wconf 80' lang='lat' dir='ltr'>llamburgensiconlrrmatAlteradaturaxGnllia</span> 
     </span>
     <span class='ocr_line' id='line_1_28' title="bbox 176 2814 1669 2897; baseline -0.001 -19"><span class='ocrx_word' id='word_1_284' title='bbox 176 2822 230 2879; x_wconf 83' lang='lat' dir='ltr'>tar.</span> <span class='ocrx_word' id='word_1_285' title='bbox 246 2818 343 2880; x_wconf 73' lang='grc'><strong>444444</strong></span> <span class='ocrx_word' id='word_1_286' title='bbox 356 2821 383 2878; x_wconf 81' lang='lat' dir='ltr'>J.</span> <span class='ocrx_word' id='word_1_287' title='bbox 397 2819 433 2878; x_wconf 86' lang='lat' dir='ltr'>D.</span> <span class='ocrx_word' id='word_1_288' title='bbox 450 2818 558 2880; x_wconf 74' lang='lat' dir='ltr'>blansi.</span> <span class='ocrx_word' id='word_1_289' title='bbox 578 2822 682 2881; x_wconf 86' lang='lat' dir='ltr'>Parte-s</span> <span class='ocrx_word' id='word_1_290' title='bbox 708 2822 765 2881; x_wconf 89' lang='lat' dir='ltr'>lll.</span> <span class='ocrx_word' id='word_1_291' title='bbox 786 2823 891 2883; x_wconf 83' lang='lat' dir='ltr'>Lucae.</span> <span class='ocrx_word' id='word_1_292' title='bbox 947 2822 1115 2884; x_wconf 87' lang='lat' dir='ltr'>Christiana</span> <span class='ocrx_word' id='word_1_293' title='bbox 1136 2829 1207 2881; x_wconf 89' lang='lat' dir='ltr'>tom.</span> <span class='ocrx_word' id='word_1_294' title='bbox 1225 2822 1263 2881; x_wconf 93' lang='lat' dir='ltr'>lV</span> <span class='ocrx_word' id='word_1_295' title='bbox 1285 2837 1352 2881; x_wconf 90' lang='lat' dir='ltr'>nov.</span> <span class='ocrx_word' id='word_1_296' title='bbox 1374 2816 1444 2878; x_wconf 89' lang='lat' dir='ltr'>edit.</span> <span class='ocrx_word' id='word_1_297' title='bbox 1459 2835 1525 2897; x_wconf 84' lang='lat' dir='ltr'>pag.</span> <span class='ocrx_word' id='word_1_298' title='bbox 1540 2814 1617 2891; x_wconf 95' lang='grc'><strong>278,</strong></span> <span class='ocrx_word' id='word_1_299' title='bbox 1640 2817 1669 2876; x_wconf 90' lang='grc'>44</span> 
     </span>
     <span class='ocr_line' id='line_1_29' title="bbox 176 2901 1671 2993; baseline -0.001 -22"><span class='ocrx_word' id='word_1_300' title='bbox 176 2909 260 2972; x_wconf 86' lang='grc'><strong>4756.</strong></span> <span class='ocrx_word' id='word_1_301' title='bbox 283 2910 338 2971; x_wconf 76' lang='lat' dir='ltr'>Em</span> <span class='ocrx_word' id='word_1_302' title='bbox 356 2909 425 2991; x_wconf 80' lang='lat' dir='ltr'>Typ.</span> <span class='ocrx_word' id='word_1_303' title='bbox 448 2909 593 2972; x_wconf 82' lang='grc'><strong>84444444</strong></span> <span class='ocrx_word' id='word_1_304' title='bbox 617 2913 647 2971; x_wconf 90' lang='grc'>44</span> <span class='ocrx_word' id='word_1_305' title='bbox 673 2912 700 2971; x_wconf 85' lang='lat' dir='ltr'>l.</span> <span class='ocrx_word' id='word_1_306' title='bbox 727 2912 893 2974; x_wconf 87' lang='lat' dir='ltr'>Dolendum</span> <span class='ocrx_word' id='word_1_307' title='bbox 947 2931 1006 2993; x_wconf 87' lang='lat' dir='ltr'>qua</span> <span class='ocrx_word' id='word_1_308' title='bbox 1019 2901 1162 2975; x_wconf 83' lang='lat' dir='ltr'>ecclesiae</span> <span class='ocrx_word' id='word_1_309' title='bbox 1178 2913 1386 2975; x_wconf 68' lang='lat' dir='ltr'>matisconensi</span> <span class='ocrx_word' id='word_1_310' title='bbox 1414 2911 1567 2988; x_wconf 82' lang='lat' dir='ltr'>privilegia</span> <span class='ocrx_word' id='word_1_311' title='bbox 1580 2925 1671 2987; x_wconf 74' lang='lat' dir='ltr'>quae</span> 
     </span>
     <span class='ocr_line' id='line_1_30' title="bbox 175 2999 1672 3081; baseline -0.003 -20"><span class='ocrx_word' id='word_1_312' title='bbox 175 3009 275 3063; x_wconf 86' lang='lat' dir='ltr'>autem</span> <span class='ocrx_word' id='word_1_313' title='bbox 289 3005 385 3062; x_wconf 87' lang='lat' dir='ltr'>vitam</span> <span class='ocrx_word' id='word_1_314' title='bbox 401 3003 443 3063; x_wconf 89' lang='lat' dir='ltr'>Pil</span> <span class='ocrx_word' id='word_1_315' title='bbox 457 3005 482 3064; x_wconf 97' lang='lat' dir='ltr'>ll</span> <span class='ocrx_word' id='word_1_316' title='bbox 500 3003 538 3064; x_wconf 90' lang='lat' dir='ltr'>ab</span> <span class='ocrx_word' id='word_1_317' title='bbox 554 3003 681 3077; x_wconf 83' lang='lat' dir='ltr'>eximio,</span> <span class='ocrx_word' id='word_1_318' title='bbox 696 3005 773 3064; x_wconf 88' lang='lat' dir='ltr'>acris</span> <span class='ocrx_word' id='word_1_319' title='bbox 784 3005 894 3081; x_wconf 83' lang='lat' dir='ltr'>ingenii</span> <span class='ocrx_word' id='word_1_320' title='bbox 947 3006 1015 3067; x_wconf 89' lang='lat' dir='ltr'>dam</span> <span class='ocrx_word' id='word_1_321' title='bbox 1026 3006 1241 3067; x_wconf 88' lang='lat' dir='ltr'>conceduntur.</span> <span class='ocrx_word' id='word_1_322' title='bbox 1252 3005 1381 3063; x_wconf 84' lang='lat' dir='ltr'>Tertiam</span> <span class='ocrx_word' id='word_1_323' title='bbox 1392 3002 1521 3078; x_wconf 88' lang='lat' dir='ltr'>denique</span> <span class='ocrx_word' id='word_1_324' title='bbox 1532 2999 1672 3079; x_wconf 87' lang='lat' dir='ltr'>suppedi-</span> 
     </span>
     <span class='ocr_line' id='line_1_31' title="bbox 175 3086 1663 3176; baseline -0.001 -23"><span class='ocrx_word' id='word_1_325' title='bbox 175 3095 238 3154; x_wconf 85' lang='lat' dir='ltr'>vr&#39;ro</span> <span class='ocrx_word' id='word_1_326' title='bbox 248 3086 442 3155; x_wconf 70' lang='lat' dir='ltr'>anniano</span> <span class='ocrx_word' id='word_1_327' title='bbox 450 3092 603 3156; x_wconf 81' lang='lat' dir='ltr'>Bandiera</span> <span class='ocrx_word' id='word_1_328' title='bbox 610 3097 735 3157; x_wconf 88' lang='lat' dir='ltr'>Senensi</span> <span class='ocrx_word' id='word_1_329' title='bbox 744 3098 896 3176; x_wconf 89' lang='lat' dir='ltr'>conscrip-</span> <span class='ocrx_word' id='word_1_330' title='bbox 947 3100 1024 3159; x_wconf 88' lang='lat' dir='ltr'>tavit</span> <span class='ocrx_word' id='word_1_331' title='bbox 1040 3098 1194 3176; x_wconf 83' lang='lat' dir='ltr'>Ughellius</span> <span class='ocrx_word' id='word_1_332' title='bbox 1207 3097 1352 3157; x_wconf 89' lang='lat' dir='ltr'>ltal..Sac.</span> <span class='ocrx_word' id='word_1_333' title='bbox 1367 3101 1439 3153; x_wconf 89' lang='lat' dir='ltr'>tom.</span> <span class='ocrx_word' id='word_1_334' title='bbox 1454 3093 1519 3153; x_wconf 89' lang='lat' dir='ltr'>Vlll</span> <span class='ocrx_word' id='word_1_335' title='bbox 1533 3109 1617 3170; x_wconf 64' lang='lat' dir='ltr'>,pap</span> <span class='ocrx_word' id='word_1_336' title='bbox 1630 3093 1663 3152; x_wconf 88' lang='grc'>64</span> 
     </span>
     <span class='ocr_line' id='line_1_32' title="bbox 174 3183 1671 3266; baseline -0.003 -20"><span class='ocrx_word' id='word_1_337' title='bbox 174 3190 254 3262; x_wconf 85' lang='grc'><strong>4444,</strong></span> <span class='ocrx_word' id='word_1_338' title='bbox 272 3193 304 3247; x_wconf 92' lang='grc'>44</span> <span class='ocrx_word' id='word_1_339' title='bbox 318 3184 382 3263; x_wconf 83' lang='lat' dir='ltr'>jam</span> <span class='ocrx_word' id='word_1_340' title='bbox 395 3187 433 3248; x_wconf 94' lang='lat' dir='ltr'>ab</span> <span class='ocrx_word' id='word_1_341' title='bbox 449 3203 527 3248; x_wconf 89' lang='lat' dir='ltr'>anno</span> <span class='ocrx_word' id='word_1_342' title='bbox 550 3187 638 3250; x_wconf 85' lang='grc'><strong>4734.</strong></span> <span class='ocrx_word' id='word_1_343' title='bbox 657 3189 766 3250; x_wconf 82' lang='lat' dir='ltr'>liomae</span> <span class='ocrx_word' id='word_1_344' title='bbox 786 3190 893 3263; x_wconf 77' lang='lat' dir='ltr'>excudi</span> <span class='ocrx_word' id='word_1_345' title='bbox 947 3207 1016 3250; x_wconf 89' lang='lat' dir='ltr'>nov.</span> <span class='ocrx_word' id='word_1_346' title='bbox 1030 3189 1100 3251; x_wconf 88' lang='lat' dir='ltr'>edit.</span> <span class='ocrx_word' id='word_1_347' title='bbox 1115 3189 1281 3266; x_wconf 88' lang='lat' dir='ltr'>eademque</span> <span class='ocrx_word' id='word_1_348' title='bbox 1298 3188 1328 3247; x_wconf 90' lang='lat' dir='ltr'>iu</span> <span class='ocrx_word' id='word_1_349' title='bbox 1345 3185 1503 3245; x_wconf 89' lang='lat' dir='ltr'>eeclesiam</span> <span class='ocrx_word' id='word_1_350' title='bbox 1523 3183 1671 3243; x_wconf 88' lang='lat' dir='ltr'>Triventi-</span> 
     </span>
     <span class='ocr_line' id='line_1_33' title="bbox 174 3274 1671 3360; baseline -0.002 -25"><span class='ocrx_word' id='word_1_351' title='bbox 174 3278 324 3357; x_wconf 78' lang='lat' dir='ltr'>inceptam</span> <span class='ocrx_word' id='word_1_352' title='bbox 340 3279 439 3340; x_wconf 89' lang='lat' dir='ltr'>lucem</span> <span class='ocrx_word' id='word_1_353' title='bbox 461 3277 562 3340; x_wconf 87' lang='lat' dir='ltr'>videre</span> <span class='ocrx_word' id='word_1_354' title='bbox 576 3297 635 3340; x_wconf 91' lang='lat' dir='ltr'>non</span> <span class='ocrx_word' id='word_1_355' title='bbox 655 3283 797 3360; x_wconf 88' lang='lat' dir='ltr'>potuisse.</span> <span class='ocrx_word' id='word_1_356' title='bbox 819 3282 893 3345; x_wconf 87' lang='lat' dir='ltr'>Vide</span> <span class='ocrx_word' id='word_1_357' title='bbox 947 3300 1030 3360; x_wconf 90' lang='lat' dir='ltr'>narn,</span> <span class='ocrx_word' id='word_1_358' title='bbox 1055 3288 1086 3343; x_wconf 90' lang='lat' dir='ltr'>et</span> <span class='ocrx_word' id='word_1_359' title='bbox 1102 3280 1326 3342; x_wconf 86' lang='lat' dir='ltr'>Tremolensem</span> <span class='ocrx_word' id='word_1_360' title='bbox 1341 3277 1449 3338; x_wconf 91' lang='lat' dir='ltr'>intrusi</span> <span class='ocrx_word' id='word_1_361' title='bbox 1472 3274 1594 3354; x_wconf 90' lang='lat' dir='ltr'>quidam</span> <span class='ocrx_word' id='word_1_362' title='bbox 1606 3274 1671 3351; x_wconf 85' lang='lat' dir='ltr'>epi-</span> 
     </span>
     <span class='ocr_line' id='line_1_34' title="bbox 172 3368 1317 3455; baseline -0.001 -23"><span class='ocrx_word' id='word_1_363' title='bbox 172 3368 476 3433; x_wconf 67' lang='lat' dir='ltr'>nannetensem.</span> <span class='ocrx_word' id='word_1_364' title='bbox 488 3370 733 3437; x_wconf 66' lang='lat' dir='ltr'>elatabant.</span> <span class='ocrx_word' id='word_1_365' title='bbox 745 3375 893 3437; x_wconf 86' lang='lat' dir='ltr'>Eruditis·</span> <span class='ocrx_word' id='word_1_366' title='bbox 946 3378 1027 3455; x_wconf 89' lang='lat' dir='ltr'>scopi</span> <span class='ocrx_word' id='word_1_367' title='bbox 1043 3375 1317 3435; x_wconf 84' lang='lat' dir='ltr'>excomunicantur.</span> 
     </span>
     <span class='ocr_line' id='line_1_35' title="bbox 173 3459 1670 3547; baseline -0.001 -25"><span class='ocrx_word' id='word_1_368' title='bbox 173 3465 283 3525; x_wconf 89' lang='lat' dir='ltr'>simum</span> <span class='ocrx_word' id='word_1_369' title='bbox 295 3466 505 3542; x_wconf 83' lang='lat' dir='ltr'>Tergestinum</span> <span class='ocrx_word' id='word_1_370' title='bbox 525 3465 730 3546; x_wconf 87' lang='lat' dir='ltr'>bibliophilum</span> <span class='ocrx_word' id='word_1_371' title='bbox 744 3484 894 3543; x_wconf 66' lang='grc'><strong>4444444-</strong></span> <span class='ocrx_word' id='word_1_372' title='bbox 987 3467 1189 3543; x_wconf 78' lang='lat' dir='ltr'>hGllPlTllS,</span> <span class='ocrx_word' id='word_1_373' title='bbox 1200 3467 1368 3547; x_wconf 89' lang='lat' dir='ltr'>Episcopus</span> <span class='ocrx_word' id='word_1_374' title='bbox 1377 3459 1670 3540; x_wconf 84' lang='lat' dir='ltr'>Rhodiorum,cujus</span> 
     </span>
     <span class='ocr_line' id='line_1_36' title="bbox 172 3555 1671 3640; baseline -0.001 -24"><span class='ocrx_word' id='word_1_375' title='bbox 172 3555 221 3634; x_wconf 88' lang='lat' dir='ltr'>pla</span> <span class='ocrx_word' id='word_1_376' title='bbox 241 3555 420 3635; x_wconf 87' lang='lat' dir='ltr'>supellectili</span> <span class='ocrx_word' id='word_1_377' title='bbox 431 3573 553 3636; x_wconf 91' lang='lat' dir='ltr'>operum</span> <span class='ocrx_word' id='word_1_378' title='bbox 568 3559 609 3619; x_wconf 86' lang='lat' dir='ltr'>Pii</span> <span class='ocrx_word' id='word_1_379' title='bbox 624 3560 651 3621; x_wconf 95' lang='lat' dir='ltr'>ll</span> <span class='ocrx_word' id='word_1_380' title='bbox 666 3566 730 3621; x_wconf 87' lang='lat' dir='ltr'>tum</span> <span class='ocrx_word' id='word_1_381' title='bbox 746 3559 893 3622; x_wconf 87' lang='lat' dir='ltr'>editarum</span> <span class='ocrx_word' id='word_1_382' title='bbox 946 3561 1081 3640; x_wconf 89' lang='lat' dir='ltr'>Epistola</span> <span class='ocrx_word' id='word_1_383' title='bbox 1096 3559 1134 3620; x_wconf 91' lang='lat' dir='ltr'>ad</span> <span class='ocrx_word' id='word_1_384' title='bbox 1147 3561 1280 3620; x_wconf 77' lang='lat' dir='ltr'>Leonem</span> <span class='ocrx_word' id='word_1_385' title='bbox 1295 3559 1507 3636; x_wconf 85' lang='lat' dir='ltr'>Imperatorem</span> <span class='ocrx_word' id='word_1_386' title='bbox 1524 3572 1577 3634; x_wconf 87' lang='lat' dir='ltr'>pro</span> <span class='ocrx_word' id='word_1_387' title='bbox 1593 3555 1671 3616; x_wconf 87' lang='lat' dir='ltr'>Con-</span> 
     </span>
     <span class='ocr_line' id='line_1_37' title="bbox 172 3647 1669 3728; baseline 0.001 -22"><span class='ocrx_word' id='word_1_388' title='bbox 172 3652 237 3708; x_wconf 90' lang='lat' dir='ltr'>tum</span> <span class='ocrx_word' id='word_1_389' title='bbox 247 3648 651 3728; x_wconf 88' lang='lat' dir='ltr'>llSS.patriaesuaerelicta,</span> <span class='ocrx_word' id='word_1_390' title='bbox 665 3652 894 3714; x_wconf 86' lang='lat' dir='ltr'>auxiliumhaud</span> <span class='ocrx_word' id='word_1_391' title='bbox 947 3652 1014 3713; x_wconf 88' lang='lat' dir='ltr'>cilio</span> <span class='ocrx_word' id='word_1_392' title='bbox 1034 3650 1268 3713; x_wconf 79' lang='lat' dir='ltr'>chalcedonensi</span> <span class='ocrx_word' id='word_1_393' title='bbox 1290 3650 1407 3723; x_wconf 86' lang='lat' dir='ltr'>Latine,</span> <span class='ocrx_word' id='word_1_394' title='bbox 1424 3647 1478 3708; x_wconf 90' lang='lat' dir='ltr'>sed</span> <span class='ocrx_word' id='word_1_395' title='bbox 1497 3664 1535 3708; x_wconf 86' lang='lat' dir='ltr'>ex</span> <span class='ocrx_word' id='word_1_396' title='bbox 1556 3647 1669 3709; x_wconf 86' lang='lat' dir='ltr'>Graeco</span> 
     </span>
     <span class='ocr_line' id='line_1_38' title="bbox 172 3738 1670 3823; baseline -0.001 -23"><span class='ocrx_word' id='word_1_397' title='bbox 172 3738 377 3817; x_wconf 86' lang='lat' dir='ltr'>spernendum</span> <span class='ocrx_word' id='word_1_398' title='bbox 404 3744 543 3821; x_wconf 87' lang='lat' dir='ltr'>cuiquam</span> <span class='ocrx_word' id='word_1_399' title='bbox 574 3745 795 3822; x_wconf 89' lang='lat' dir='ltr'>optatissimum</span> <span class='ocrx_word' id='word_1_400' title='bbox 819 3761 895 3823; x_wconf 91' lang='lat' dir='ltr'>opus</span> <span class='ocrx_word' id='word_1_401' title='bbox 947 3749 1168 3817; x_wconf 82' lang='lat' dir='ltr'>versa,exstat</span> <span class='ocrx_word' id='word_1_402' title='bbox 1185 3745 1311 3821; x_wconf 87' lang='lat' dir='ltr'>inparte</span> <span class='ocrx_word' id='word_1_403' title='bbox 1321 3743 1426 3803; x_wconf 90' lang='lat' dir='ltr'>ultima</span> <span class='ocrx_word' id='word_1_404' title='bbox 1439 3739 1670 3801; x_wconf 79' lang='grc'><strong>4444444644-</strong></span> 
     </span>
     <span class='ocr_line' id='line_1_39' title="bbox 172 3830 1667 3915; baseline -0.003 -22"><span class='ocrx_word' id='word_1_405' title='bbox 172 3833 319 3911; x_wconf 79' lang='lat' dir='ltr'>scnpturo</span> <span class='ocrx_word' id='word_1_406' title='bbox 333 3832 543 3912; x_wconf 88' lang='lat' dir='ltr'>suppeditasse</span> <span class='ocrx_word' id='word_1_407' title='bbox 554 3852 613 3895; x_wconf 93' lang='lat' dir='ltr'>non</span> <span class='ocrx_word' id='word_1_408' title='bbox 627 3842 692 3898; x_wconf 92' lang='lat' dir='ltr'>erat</span> <span class='ocrx_word' id='word_1_409' title='bbox 711 3837 759 3898; x_wconf 91' lang='lat' dir='ltr'>hic</span> <span class='ocrx_word' id='word_1_410' title='bbox 779 3845 896 3915; x_wconf 85' lang='lat' dir='ltr'>praete·</span> <span class='ocrx_word' id='word_1_411' title='bbox 947 3835 1007 3896; x_wconf 90' lang='lat' dir='ltr'>cilii</span> <span class='ocrx_word' id='word_1_412' title='bbox 1037 3834 1176 3897; x_wconf 88' lang='lat' dir='ltr'>Chalced.</span> <span class='ocrx_word' id='word_1_413' title='bbox 1204 3840 1276 3895; x_wconf 90' lang='lat' dir='ltr'>tom.</span> <span class='ocrx_word' id='word_1_414' title='bbox 1303 3835 1341 3894; x_wconf 85' lang='grc'>444</span> <span class='ocrx_word' id='word_1_415' title='bbox 1369 3833 1477 3894; x_wconf 83' lang='grc'><strong>446644</strong></span> <span class='ocrx_word' id='word_1_416' title='bbox 1503 3848 1568 3910; x_wconf 83' lang='lat' dir='ltr'>pag.</span> <span class='ocrx_word' id='word_1_417' title='bbox 1599 3830 1667 3889; x_wconf 87' lang='grc'><strong>944.</strong></span> 
     </span>
     <span class='ocr_line' id='line_1_40' title="bbox 172 3923 1449 4007; baseline -0.002 -22"><span class='ocrx_word' id='word_1_418' title='bbox 172 3923 575 4007; x_wconf 76' lang='lat' dir='ltr'>reundumllldazd&#39;atalopo</span> <span class='ocrx_word' id='word_1_419' title='bbox 596 3926 675 3989; x_wconf 81' lang='lat' dir='ltr'>della</span> <span class='ocrx_word' id='word_1_420' title='bbox 690 3925 823 3989; x_wconf 82' lang='grc'><strong>44444444</strong></span> <span class='ocrx_word' id='word_1_421' title='bbox 842 3928 895 3990; x_wconf 87' lang='grc'>444</span> <span class='ocrx_word' id='word_1_422' title='bbox 947 3927 1090 3989; x_wconf 89' lang='lat' dir='ltr'>Handuini</span> <span class='ocrx_word' id='word_1_423' title='bbox 1104 3935 1176 3988; x_wconf 88' lang='lat' dir='ltr'>torn.</span> <span class='ocrx_word' id='word_1_424' title='bbox 1191 3929 1216 3989; x_wconf 95' lang='lat' dir='ltr'>ll</span> <span class='ocrx_word' id='word_1_425' title='bbox 1234 3944 1300 4006; x_wconf 83' lang='lat' dir='ltr'>pag.</span> <span class='ocrx_word' id='word_1_426' title='bbox 1317 3925 1376 3986; x_wconf 84' lang='grc'>736</span> <span class='ocrx_word' id='word_1_427' title='bbox 1392 3933 1449 3985; x_wconf 90' lang='lat' dir='ltr'>etc.</span> 
     </span>
     <span class='ocr_line' id='line_1_41' title="bbox 168 4012 1668 4097; baseline -0.003 -21"><span class='ocrx_word' id='word_1_428' title='bbox 168 4032 226 4094; x_wconf 79' lang='lat' dir='ltr'>per</span> <span class='ocrx_word' id='word_1_429' title='bbox 239 4014 272 4076; x_wconf 90' lang='lat' dir='ltr'>la</span> <span class='ocrx_word' id='word_1_430' title='bbox 283 4012 472 4097; x_wconf 74' lang='lat' dir='ltr'>dtblioprafia</span> <span class='ocrx_word' id='word_1_431' title='bbox 485 4017 688 4080; x_wconf 84' lang='lat' dir='ltr'>delPetrarca</span> <span class='ocrx_word' id='word_1_432' title='bbox 700 4039 717 4083; x_wconf 85' lang='grc'>4</span> <span class='ocrx_word' id='word_1_433' title='bbox 729 4020 763 4081; x_wconf 83' lang='grc'>444</span> <span class='ocrx_word' id='word_1_434' title='bbox 770 4020 822 4082; x_wconf 84' lang='lat' dir='ltr'>Pio</span> <span class='ocrx_word' id='word_1_435' title='bbox 834 4022 870 4081; x_wconf 91' lang='lat'>11</span> <span class='ocrx_word' id='word_1_436' title='bbox 879 4025 895 4082; x_wconf 87' lang='grc'>4</span> <span class='ocrx_word' id='word_1_437' title='bbox 959 4047 964 4056; x_wconf 85' lang='grc'><strong><em>·</em></strong></span> <span class='ocrx_word' id='word_1_438' title='bbox 987 4024 1017 4083; x_wconf 90' lang='lat' dir='ltr'>S.</span> <span class='ocrx_word' id='word_1_439' title='bbox 1027 4019 1197 4091; x_wconf 82' lang='lat' dir='ltr'>hGthlO,</span> <span class='ocrx_word' id='word_1_440' title='bbox 1208 4021 1374 4097; x_wconf 88' lang='lat' dir='ltr'>Episcopus</span> <span class='ocrx_word' id='word_1_441' title='bbox 1382 4016 1668 4077; x_wconf 83' lang='lat' dir='ltr'>Romanusabanno</span> 
     </span>
     <span class='ocr_line' id='line_1_42' title="bbox 169 4103 1669 4189; baseline -0.002 -21"><span class='ocrx_word' id='word_1_442' title='bbox 169 4108 222 4187; x_wconf 75' lang='lat' dir='ltr'>yid</span> <span class='ocrx_word' id='word_1_443' title='bbox 240 4107 471 4187; x_wconf 78' lang='lat' dir='ltr'>possedutaesi</span> <span class='ocrx_word' id='word_1_444' title='bbox 481 4129 523 4173; x_wconf 89' lang='lat' dir='ltr'>va</span> <span class='ocrx_word' id='word_1_445' title='bbox 536 4112 732 4174; x_wconf 72' lang='lat' dir='ltr'>contimtcndo</span> <span class='ocrx_word' id='word_1_446' title='bbox 750 4111 893 4175; x_wconf 75' lang='lat' dir='ltr'>delthae</span> <span class='ocrx_word' id='word_1_447' title='bbox 947 4117 980 4177; x_wconf 84' lang='lat' dir='ltr'>C.</span> <span class='ocrx_word' id='word_1_448' title='bbox 996 4114 1053 4174; x_wconf 81' lang='grc'>673</span> <span class='ocrx_word' id='word_1_449' title='bbox 1071 4114 1110 4176; x_wconf 84' lang='grc'><strong>23</strong></span> <span class='ocrx_word' id='word_1_450' title='bbox 1127 4111 1193 4189; x_wconf 88' lang='lat' dir='ltr'>llaji</span> <span class='ocrx_word' id='word_1_451' title='bbox 1213 4112 1250 4173; x_wconf 91' lang='lat' dir='ltr'>ad</span> <span class='ocrx_word' id='word_1_452' title='bbox 1268 4113 1287 4172; x_wconf 92' lang='grc'><strong>2</strong></span> <span class='ocrx_word' id='word_1_453' title='bbox 1307 4110 1462 4171; x_wconf 87' lang='lat' dir='ltr'>Decembr.</span> <span class='ocrx_word' id='word_1_454' title='bbox 1484 4108 1555 4168; x_wconf 75' lang='grc'><strong>684.</strong></span> <span class='ocrx_word' id='word_1_455' title='bbox 1574 4103 1669 4181; x_wconf 81' lang='lat' dir='ltr'>Cujus</span> 
     </span>
     <span class='ocr_line' id='line_1_43' title="bbox 172 4196 1668 4286; baseline -0.005 -22"><span class='ocrx_word' id='word_1_456' title='bbox 172 4200 351 4279; x_wconf 80' lang='lat' dir='ltr'>(Domenieo)</span> <span class='ocrx_word' id='word_1_457' title='bbox 374 4203 425 4263; x_wconf 83' lang='grc'><strong>4444</strong></span> <span class='ocrx_word' id='word_1_458' title='bbox 437 4204 572 4266; x_wconf 71' lang='grc'><strong>44444444.</strong></span> <span class='ocrx_word' id='word_1_459' title='bbox 588 4204 699 4267; x_wconf 67' lang='lat' dir='ltr'>mesa</span> <span class='ocrx_word' id='word_1_460' title='bbox 710 4205 891 4286; x_wconf 79' lang='lat' dir='ltr'>,llarsns&#39;plr</span> <span class='ocrx_word' id='word_1_461' title='bbox 946 4203 1098 4285; x_wconf 82' lang='lat' dir='ltr'>Epistulae</span> <span class='ocrx_word' id='word_1_462' title='bbox 1115 4205 1166 4265; x_wconf 91' lang='grc'>444</span> <span class='ocrx_word' id='word_1_463' title='bbox 1180 4202 1209 4264; x_wconf 85' lang='grc'>44</span> <span class='ocrx_word' id='word_1_464' title='bbox 1243 4203 1328 4264; x_wconf 85' lang='lat' dir='ltr'>hatis</span> <span class='ocrx_word' id='word_1_465' title='bbox 1348 4200 1469 4263; x_wconf 78' lang='lat' dir='ltr'>concilii</span> <span class='ocrx_word' id='word_1_466' title='bbox 1487 4200 1565 4259; x_wconf 77' lang='lat' dir='ltr'>sexti</span> <span class='ocrx_word' id='word_1_467' title='bbox 1586 4196 1668 4274; x_wconf 86' lang='lat' dir='ltr'>Cpol</span> 
     </span>
     <span class='ocr_line' id='line_1_44' title="bbox 174 4290 1668 4376; baseline -0.003 -23"><span class='ocrx_word' id='word_1_468' title='bbox 174 4291 301 4356; x_wconf 76' lang='grc'><strong>48548</strong></span> <span class='ocrx_word' id='word_1_469' title='bbox 320 4295 421 4372; x_wconf 76' lang='lat' dir='ltr'>(obiit</span> <span class='ocrx_word' id='word_1_470' title='bbox 436 4313 484 4356; x_wconf 86' lang='lat' dir='ltr'>an.</span> <span class='ocrx_word' id='word_1_471' title='bbox 503 4297 609 4372; x_wconf 82' lang='grc'><strong>4843).</strong></span> <span class='ocrx_word' id='word_1_472' title='bbox 946 4296 1002 4360; x_wconf 79' lang='lat' dir='ltr'>dn.</span> <span class='ocrx_word' id='word_1_473' title='bbox 1018 4299 1075 4359; x_wconf 90' lang='grc'>686</span> <span class='ocrx_word' id='word_1_474' title='bbox 1093 4314 1156 4375; x_wconf 86' lang='lat' dir='ltr'>seq.</span> <span class='ocrx_word' id='word_1_475' title='bbox 1173 4314 1262 4376; x_wconf 86' lang='lat' dir='ltr'>saepe</span> <span class='ocrx_word' id='word_1_476' title='bbox 1282 4296 1398 4369; x_wconf 89' lang='lat' dir='ltr'>editae,</span> <span class='ocrx_word' id='word_1_477' title='bbox 1412 4299 1444 4354; x_wconf 90' lang='lat' dir='ltr'>et</span> <span class='ocrx_word' id='word_1_478' title='bbox 1464 4290 1542 4370; x_wconf 86' lang='lat' dir='ltr'>apud</span> <span class='ocrx_word' id='word_1_479' title='bbox 1564 4293 1668 4351; x_wconf 90' lang='lat' dir='ltr'>Baron.</span> 
     </span>
     <span class='ocr_line' id='line_1_45' title="bbox 210 4379 1670 4471; baseline -0.003 -26"><span class='ocrx_word' id='word_1_480' title='bbox 210 4384 390 4450; x_wconf 80' lang='lat' dir='ltr'>AETlilGUS</span> <span class='ocrx_word' id='word_1_481' title='bbox 396 4384 668 4471; x_wconf 56' lang='lat' dir='ltr'>,cosmographus</span> <span class='ocrx_word' id='word_1_482' title='bbox 682 4391 831 4469; x_wconf 89' lang='lat' dir='ltr'>dequoin</span> <span class='ocrx_word' id='word_1_483' title='bbox 846 4390 894 4451; x_wconf 87' lang='lat' dir='ltr'>Bi·</span> <span class='ocrx_word' id='word_1_484' title='bbox 946 4389 984 4451; x_wconf 91' lang='lat' dir='ltr'>ad</span> <span class='ocrx_word' id='word_1_485' title='bbox 1000 4391 1057 4452; x_wconf 83' lang='lat' dir='ltr'>An.</span> <span class='ocrx_word' id='word_1_486' title='bbox 1075 4390 1176 4450; x_wconf 89' lang='grc'><strong>6864</strong></span> <span class='ocrx_word' id='word_1_487' title='bbox 1195 4390 1222 4448; x_wconf 96' lang='grc'>6.</span> <span class='ocrx_word' id='word_1_488' title='bbox 1240 4389 1278 4448; x_wconf 86' lang='grc'><strong>26</strong></span> <span class='ocrx_word' id='word_1_489' title='bbox 1295 4393 1327 4448; x_wconf 89' lang='grc'>44</span> <span class='ocrx_word' id='word_1_490' title='bbox 1343 4385 1399 4446; x_wconf 80' lang='lat' dir='ltr'>An.</span> <span class='ocrx_word' id='word_1_491' title='bbox 1412 4385 1514 4445; x_wconf 86' lang='grc'><strong>6824.</strong></span> <span class='ocrx_word' id='word_1_492' title='bbox 1529 4383 1577 4443; x_wconf 88' lang='grc'><strong>56.</strong></span> <span class='ocrx_word' id='word_1_493' title='bbox 1593 4379 1670 4443; x_wconf 83' lang='lat' dir='ltr'>Gan-</span> 
     </span>
     <span class='ocr_line' id='line_1_46' title="bbox 172 4464 1670 4544; baseline -0.005 -5"><span class='ocrx_word' id='word_1_494' title='bbox 172 4478 320 4541; x_wconf 85' lang='lat' dir='ltr'>bliotbeoa</span> <span class='ocrx_word' id='word_1_495' title='bbox 333 4481 449 4543; x_wconf 81' lang='lat' dir='ltr'>latina.</span> <span class='ocrx_word' id='word_1_496' title='bbox 543 4536 546 4541; x_wconf 81' lang='lat'><strong>.</strong></span> <span class='ocrx_word' id='word_1_497' title='bbox 947 4483 1018 4543; x_wconf 76' lang='lat' dir='ltr'>cilia</span> <span class='ocrx_word' id='word_1_498' title='bbox 1033 4485 1167 4544; x_wconf 82' lang='lat' dir='ltr'>Romano</span> <span class='ocrx_word' id='word_1_499' title='bbox 1184 4480 1241 4542; x_wconf 91' lang='lat' dir='ltr'>sub</span> <span class='ocrx_word' id='word_1_500' title='bbox 1255 4479 1360 4540; x_wconf 89' lang='lat' dir='ltr'>codem</span> <span class='ocrx_word' id='word_1_501' title='bbox 1375 4477 1475 4538; x_wconf 93' lang='lat' dir='ltr'>habita</span> <span class='ocrx_word' id='word_1_502' title='bbox 1491 4464 1547 4535; x_wconf 81' lang='lat' dir='ltr'>hr&#39;r.</span> <span class='ocrx_word' id='word_1_503' title='bbox 1566 4473 1624 4534; x_wconf 87' lang='grc'>679</span> <span class='ocrx_word' id='word_1_504' title='bbox 1638 4480 1670 4532; x_wconf 90' lang='grc'>44</span> 
     </span>
     <span class='ocr_line' id='line_1_47' title="bbox 210 4564 1670 4656; baseline -0.005 -23"><span class='ocrx_word' id='word_1_505' title='bbox 210 4569 547 4651; x_wconf 78' lang='lat' dir='ltr'>AEELEGEllENSlS,</span> <span class='ocrx_word' id='word_1_506' title='bbox 566 4576 631 4635; x_wconf 89' lang='lat' dir='ltr'>sive</span> <span class='ocrx_word' id='word_1_507' title='bbox 656 4572 893 4656; x_wconf 73' lang='lat' dir='ltr'>Affln‘pcrn&#39;ensis,</span> <span class='ocrx_word' id='word_1_508' title='bbox 949 4577 1016 4637; x_wconf 88' lang='grc'><strong>686.</strong></span> <span class='ocrx_word' id='word_1_509' title='bbox 1040 4575 1155 4638; x_wconf 83' lang='lat' dir='ltr'>Cantas</span> <span class='ocrx_word' id='word_1_510' title='bbox 1175 4579 1206 4634; x_wconf 89' lang='grc'>44</span> <span class='ocrx_word' id='word_1_511' title='bbox 1227 4572 1346 4636; x_wconf 81' lang='lat' dir='ltr'>Corsos</span> <span class='ocrx_word' id='word_1_512' title='bbox 1367 4571 1517 4630; x_wconf 81' lang='lat' dir='ltr'>Romanus</span> <span class='ocrx_word' id='word_1_513' title='bbox 1535 4566 1572 4627; x_wconf 90' lang='lat' dir='ltr'>ab</span> <span class='ocrx_word' id='word_1_514' title='bbox 1592 4564 1670 4644; x_wconf 80' lang='lat' dir='ltr'>Aga-</span> 
     </span>
     <span class='ocr_line' id='line_1_48' title="bbox 172 4657 1670 4737; baseline -0.002 -14"><span class='ocrx_word' id='word_1_515' title='bbox 172 4663 341 4726; x_wconf 82' lang='lat' dir='ltr'>ldonasterii</span> <span class='ocrx_word' id='word_1_516' title='bbox 354 4666 385 4727; x_wconf 92' lang='lat' dir='ltr'>S.</span> <span class='ocrx_word' id='word_1_517' title='bbox 396 4667 475 4726; x_wconf 88' lang='lat' dir='ltr'>Petri</span> <span class='ocrx_word' id='word_1_518' title='bbox 486 4668 516 4726; x_wconf 89' lang='lat' dir='ltr'>in</span> <span class='ocrx_word' id='word_1_519' title='bbox 526 4666 683 4729; x_wconf 83' lang='lat' dir='ltr'>brabantia</span> <span class='ocrx_word' id='word_1_520' title='bbox 691 4668 823 4730; x_wconf 76' lang='lat' dir='ltr'>fundatio</span> <span class='ocrx_word' id='word_1_521' title='bbox 833 4667 896 4730; x_wconf 82' lang='lat' dir='ltr'>iln-</span> <span class='ocrx_word' id='word_1_522' title='bbox 948 4667 1039 4729; x_wconf 90' lang='lat' dir='ltr'>thone</span> <span class='ocrx_word' id='word_1_523' title='bbox 1065 4669 1179 4729; x_wconf 90' lang='lat' dir='ltr'>missus</span> <span class='ocrx_word' id='word_1_524' title='bbox 1203 4668 1234 4726; x_wconf 95' lang='lat' dir='ltr'>in</span> <span class='ocrx_word' id='word_1_525' title='bbox 1260 4663 1459 4737; x_wconf 87' lang='lat' dir='ltr'>Britanniam,</span> <span class='ocrx_word' id='word_1_526' title='bbox 1482 4657 1553 4721; x_wconf 92' lang='lat' dir='ltr'>vide</span> <span class='ocrx_word' id='word_1_527' title='bbox 1578 4659 1670 4736; x_wconf 86' lang='lat' dir='ltr'>Spec-</span> 
     </span>
     <span class='ocr_line' id='line_1_49' title="bbox 173 4750 1670 4839; baseline -0.003 -25"><span class='ocrx_word' id='word_1_528' title='bbox 173 4769 210 4815; x_wconf 89' lang='lat' dir='ltr'>ao</span> <span class='ocrx_word' id='word_1_529' title='bbox 227 4757 305 4818; x_wconf 86' lang='grc'><strong>4683</strong></span> <span class='ocrx_word' id='word_1_530' title='bbox 321 4764 355 4819; x_wconf 85' lang='grc'>44</span> <span class='ocrx_word' id='word_1_531' title='bbox 370 4759 497 4821; x_wconf 84' lang='lat' dir='ltr'>Historia</span> <span class='ocrx_word' id='word_1_532' title='bbox 518 4761 632 4821; x_wconf 82' lang='lat' dir='ltr'>tomll</span> <span class='ocrx_word' id='word_1_533' title='bbox 664 4761 811 4839; x_wconf 73' lang='lat' dir='ltr'>Spioilegii</span> <span class='ocrx_word' id='word_1_534' title='bbox 839 4763 896 4822; x_wconf 89' lang='lat' dir='ltr'>Da-</span> <span class='ocrx_word' id='word_1_535' title='bbox 948 4763 1061 4822; x_wconf 90' lang='lat' dir='ltr'>lmanni</span> <span class='ocrx_word' id='word_1_536' title='bbox 1075 4760 1205 4822; x_wconf 83' lang='lat' dir='ltr'>concilia</span> <span class='ocrx_word' id='word_1_537' title='bbox 1218 4756 1387 4818; x_wconf 86' lang='lat' dir='ltr'>Britannica</span> <span class='ocrx_word' id='word_1_538' title='bbox 1408 4760 1481 4813; x_wconf 87' lang='lat' dir='ltr'>tom.</span> <span class='ocrx_word' id='word_1_539' title='bbox 1496 4753 1518 4831; x_wconf 94' lang='lat' dir='ltr'>l,</span> <span class='ocrx_word' id='word_1_540' title='bbox 1533 4766 1598 4831; x_wconf 82' lang='lat' dir='ltr'>pag.</span> <span class='ocrx_word' id='word_1_541' title='bbox 1609 4750 1670 4811; x_wconf 84' lang='grc'><strong>’476</strong></span> 
     </span>
     <span class='ocr_line' id='line_1_50' title="bbox 173 4841 1671 4932; baseline -0.003 -26"><span class='ocrx_word' id='word_1_542' title='bbox 173 4844 321 4925; x_wconf 86' lang='lat' dir='ltr'>cherlani,</span> <span class='ocrx_word' id='word_1_543' title='bbox 343 4856 376 4911; x_wconf 89' lang='grc'>44</span> <span class='ocrx_word' id='word_1_544' title='bbox 399 4857 480 4911; x_wconf 90' lang='lat' dir='ltr'>tomo</span> <span class='ocrx_word' id='word_1_545' title='bbox 506 4852 533 4912; x_wconf 93' lang='lat' dir='ltr'>ll</span> <span class='ocrx_word' id='word_1_546' title='bbox 562 4850 700 4912; x_wconf 89' lang='lat' dir='ltr'>editionis</span> <span class='ocrx_word' id='word_1_547' title='bbox 717 4869 812 4915; x_wconf 87' lang='lat' dir='ltr'>novae</span> <span class='ocrx_word' id='word_1_548' title='bbox 829 4869 893 4932; x_wconf 84' lang='lat' dir='ltr'>pag.</span> <span class='ocrx_word' id='word_1_549' title='bbox 949 4870 1011 4930; x_wconf 86' lang='lat' dir='ltr'>seq.</span> <span class='ocrx_word' id='word_1_550' title='bbox 1029 4854 1080 4931; x_wconf 88' lang='lat' dir='ltr'>qui</span> <span class='ocrx_word' id='word_1_551' title='bbox 1098 4851 1261 4929; x_wconf 80' lang='lat' dir='ltr'>Agathouis</span> <span class='ocrx_word' id='word_1_552' title='bbox 1286 4843 1451 4925; x_wconf 81' lang='lat' dir='ltr'>Epistulam</span> <span class='ocrx_word' id='word_1_553' title='bbox 1466 4844 1508 4905; x_wconf 85' lang='lat' dir='ltr'>ad</span> <span class='ocrx_word' id='word_1_554' title='bbox 1522 4841 1671 4904; x_wconf 60' lang='grc'><strong>744444444-</strong></span> 
     </span>
     <span class='ocr_line' id='line_1_51' title="bbox 174 4934 1671 5023; baseline 0 -27"><span class='ocrx_word' id='word_1_555' title='bbox 174 4936 334 5003; x_wconf 88' lang='grc'><strong>769-776.</strong></span> <span class='ocrx_word' id='word_1_556' title='bbox 830 4988 833 4993; x_wconf 48' lang='lat'>&gt;</span> <span class='ocrx_word' id='word_1_557' title='bbox 950 4943 1034 5023; x_wconf 85' lang='lat' dir='ltr'>dnm,</span> <span class='ocrx_word' id='word_1_558' title='bbox 1052 4950 1081 5003; x_wconf 90' lang='lat' dir='ltr'>et</span> <span class='ocrx_word' id='word_1_559' title='bbox 1096 4942 1169 5004; x_wconf 87' lang='lat' dir='ltr'>alios</span> <span class='ocrx_word' id='word_1_560' title='bbox 1185 4958 1252 5022; x_wconf 83' lang='lat' dir='ltr'>pag.</span> <span class='ocrx_word' id='word_1_561' title='bbox 1274 4939 1330 5000; x_wconf 88' lang='grc'>463</span> <span class='ocrx_word' id='word_1_562' title='bbox 1347 4938 1430 5002; x_wconf 76' lang='lat' dir='ltr'>allent</span> <span class='ocrx_word' id='word_1_563' title='bbox 1448 4940 1551 5000; x_wconf 81' lang='lat' dir='ltr'>Latine</span> <span class='ocrx_word' id='word_1_564' title='bbox 1565 4942 1595 4997; x_wconf 87' lang='lat' dir='ltr'>et</span> <span class='ocrx_word' id='word_1_565' title='bbox 1610 4934 1671 4996; x_wconf 83' lang='lat' dir='ltr'>hn-</span> 
     </span>
    </p>
   </div>
   <div class='ocr_carea' id='block_1_3' title="bbox 0 0 1734 5332">
    <p class='ocr_par' dir='ltr' id='par_1_3' title="bbox 0 0 1734 5332">
     <span class='ocr_line' id='line_1_52' title="bbox 0 0 1734 5332; baseline 0 0"><span class='ocrx_word' id='word_1_566' title='bbox 0 0 1734 5332; x_wconf 95' lang='lat' dir='ltr'> </span> 
     </span>
    </p>
   </div>
  </div>
 </body>
</html>
