3458 5332
176 323 238 387 283
789 314 811 373 C
826 314 996 376 ,aulul
1012 313 1073 375 us

215 430 304 491 Dixit
322 425 494 488 tuconi-'s
506 421 588 501 filiios
604 419 788 483 Scbiamicbi
808 418 901 483 Zebe-
955 425 1022 507 ejen
1042 422 1074 484 in
1090 422 1223 487 Caruilio
1245 424 1396 501 maximo,
1427 431 1456 486 et
1485 424 1588 503 scens,
1611 427 1692 509 quoe

178 525 257 602 daei,
265 518 431 603 Apostolus.
438 518 513 579 Cum
524 512 716 593 complessem
727 512 902 576 menmium
954 517 1066 580 ludaei
1078 516 1254 589 &boussut
1267 518 1305 581 de
1320 517 1384 598 leye
1397 520 1511 600 Moysis
1526 519 1633 583 Mam
1645 520 1687 583 si-

174 624 290 681 sacrae
307 611 435 692 Viryims
460 607 579 671 Mariae
593 608 679 668 circa
696 608 901 688 praedicatio·
952 631 1028 693 yna,
1045 610 1686 695 inquibuseratverilaspromissiinipsa

174 732 259 787 ocem,
285 726 339 769 nec
367 723 427 765 non
453 708 483 764 et
511 702 601 781 fidem
625 700 901 781 Abenelmoybeiri,
956 708 1032 787 leye,
1048 713 1080 768 et
1089 704 1292 788 proprietates
1305 704 1389 769 iliius
1403 712 1495 768 eram
1512 712 1622 789 aperte
1642 724 1690 769 co-

175 823 264 886 quom
287 798 442 861 nominavi
462 797 644 879 cildaysium
661 797 693 857 in
715 796 822 868 imula
842 796 904 859 ista
953 801 1056 883 ynitae
1070 798 1128 861 sub
1145 798 1250 878 linyua
1270 798 1390 880 patna,
1417 804 1449 861 et
1471 799 1620 880 vulpari,
1639 816 1691 861 esec

176 896 362 977 Hispaniae,
379 890 549 953 deliberavi
563 892 652 953 accire
667 890 708 952 ab
724 891 778 953 illa
792 907 904 954 versem
957 891 1336 974 aeniymababebutncque
1346 892 1692 975 amplissimumque

95 994 98 999 ’
177 996 301 1055 Dmnam
322 985 490 1069 infeliccm3
518 985 634 1045 interea
660 985 827 1047 revelatum
844 984 907 1066 suit
957 989 1040 1050 niam
1051 985 1369 1068 DEDSmanisestavit
1381 1002 1472 1048 mans
1488 984 1690 1066 leyenoservis

174 1085 267 1159 milti,
284 1088 321 1144 nt
340 1078 474 1141 redirem
498 1077 541 1139 ad
554 1084 684 1140 montem
699 1085 857 1156 sanctum,
874 1085 903 1140 et
957 1083 1023 1146 sues
1035 1081 1187 1145 evidenter
1200 1086 1321 1155 mtam3
1342 1082 1550 1142 Veruntamen
1566 1080 1690 1143 oemvit

174 1195 316 1240 morarer
337 1176 370 1236 ln
393 1190 427 1235 eo
455 1170 491 1233 ob
515 1171 662 1234 visionem
685 1172 901 1254 Mysteriorum
958 1175 1025 1238 illos
1041 1178 1150 1252 sumn,
1166 1172 1269 1235 utilia
1284 1171 1468 1235 delerentob
1493 1190 1626 1236 causaris
1643 1172 1688 1236 ds·

179 1287 378 1353 moymarum,
392 1284 436 1327 eoe
448 1271 540 1346 porte
554 1266 629 1327 DEI
636 1314 645 1343 ,
661 1272 690 1326 et
705 1267 816 1346 jussus
835 1283 905 1327 suen
957 1271 1116 1335 strationis
1131 1269 1221 1348 reyni
1235 1284 1355 1343 omum,
1364 1284 1403 1329 ac
1415 1266 1490 1347 lepis
1501 1266 1687 1350 ursorumin

174 1381 312 1427 morare
328 1360 383 1423 illa
394 1357 436 1421 ad
450 1356 592 1440 [uturum
608 1363 733 1439 tempus.
750 1352 904 1421 Revnsus
957 1365 1089 1428 adventu
1105 1362 1187 1425 illices
1211 1363 1243 1424 in
1257 1359 1423 1437 mmmm,
1441 1366 1472 1421 et
1482 1366 1614 1443 propter
1635 1358 1687 1421 tale

175 1459 270 1539 ipitur
281 1456 353 1518 illuc
365 1452 527 1535 permansi
536 1452 568 1515 in
582 1470 616 1514 eo
628 1451 728 1514 tribus
742 1451 904 1527 mensibus,
952 1464 1112 1539 pecvamm
1124 1458 1279 1537 inpressae
1288 1460 1359 1517 sunt
1373 1453 1454 1515 s'roter
1465 1470 1531 1529 eos,
1542 1460 1575 1515 et
1588 1452 1686 1515 introi·

177 1551 284 1614 Divino
302 1548 400 1611 cultui
416 1564 541 1629 operam
566 1545 724 1621 navarodo,
741 1552 772 1608 et
784 1544 856 1608 dum
872 1547 905 1608 in
959 1552 1033 1615 bunt
1051 1550 1281 1614 {narrationes
1302 1547 1471 1622 barbaras,
1490 1546 1686 1611 dissensiones

176 1644 360 1709 obscuritate
372 1641 469 1703 noctis
479 1638 522 1701 ad
531 1641 645 1702 DEDM
654 1657 779 1701 orarem
789 1688 798 1717 ,
810 1658 904 1720 super
957 1654 988 1710 et
1000 1646 1164 1711 sebismta
1179 1660 1298 1724 mayno.
1316 1639 1588 1705 Particularitates
1600 1640 1685 1722 ipitnr

174 1740 259 1803 venit
266 1738 342 1799 mibi
355 1753 478 1799 ”mm
489 1733 579 1811 lembo
594 1734 674 1795 ’Μ’
687 1733 824 1814 rudium
836 1735 905 1796 cai-
957 1740 1078 1803 illorum
1094 1738 1194 1800 decem
1205 1737 1362 1818 siynorum
1374 1734 1480 1818 posuit
1487 1734 1545 1795 DE
1548 1732 1634 1797 vste
1641 1751 1684 1796 ve·

174 1840 255 1896 stent
271 1838 301 1894 et
314 1848 465 1906 somnum,
482 1835 512 1891 et
527 1831 616 1890 ecce!
633 1826 765 1908 Ampelos
776 1846 904 1909 maynm
956 1834 1048 1896 ritate
1063 1829 1243 1911 livanyelii,
1260 1847 1298 1890 ac
1320 1828 1497 1891 resenuvn
1510 1826 1682 1910 eaepbcab'o·

168 1926 337 2009 potentiae,
358 1930 389 1986 et
407 1922 590 2004 majestatis,
608 1940 698 2003 quem
723 1922 790 1984 vicli
815 1941 905 1984 coreo-
957 1916 1203 1991 nemillommad
1217 1922 1384 1989 conciliem
1393 1920 1582 1999 macrinum,
1595 1920 1681 2002 inquo

173 2027 306 2083 seontem
323 2017 389 2081 luce
403 2016 625 2099 resplendente,
641 2017 725 2079 venit
743 2016 786 2079 od
801 2035 848 2079 me
860 2036 904 2081 ea
957 2022 1019 2086 boo
1034 2038 1119 2084 nemo
1133 2017 1189 2082 iiia
1203 2034 1316 2099 neyme
1337 2015 1471 2097 poterit,
1499 2020 1533 2077 et
1558 2013 1683 2095 perficiet

166 2120 260 2196 parte
277 2114 390 2190 tbroni,
408 2111 537 2177 etdiaeit
550 2111 637 2173 mibi:
653 2112 698 2173 Ne
714 2112 836 2183 umens,
850 2114 905 2173 ia·
956 2118 1061 2181 DEDS
1087 2114 1132 2178 ibi
1144 2130 1235 2177 suam
1249 2111 1347 2173 lucem
1370 2108 1564 2173 vehementer
1583 2112 1680 2169 coum

171 2205 256 2286 cobe,
271 2206 372 2270 scribe
388 2206 469 2288 quod
484 2212 635 2269 ostensum
650 2203 748 2286 suerit
757 2202 813 2266 tibi
821 2211 905 2267 nacte
956 2211 1145 2275 interitionem
1161 2207 1332 2287 impiomm.
1349 2204 1394 2267 Ae
1411 2200 1679 2265 laudaveruntdn

173 2303 232 2365 ista
258 2303 290 2364 in
307 2300 419 2364 tabulis
429 2298 598 2381 plumbeis,
615 2304 646 2360 et
664 2314 811 2359 conserua
832 2298 903 2361 illas
954 2304 1017 2386 μὴ·
1031 2305 1063 2365 in
1076 2321 1110 2365 eo
1126 2300 1189 2363 toea
1205 2300 1332 2375 DEUM,
1351 2296 1513 2360 laudantes
1533 2310 1604 2359 cum
1618 2312 1679 2358 voce

172 2396 205 2457 in
230 2397 287 2458 isto
304 2401 401 2458 monte
428 2400 545 2470 sancto,
562 2392 655 2454 simul
679 2411 748 2453 cnm
774 2394 903 2455 veritate
956 2396 1196 2469 veinttonitruo,
1210 2399 1243 2455 et
1257 2390 1496 2473 emperyefdctus
1512 2408 1584 2453 seren
1597 2396 1679 2453 uero

171 2489 344 2569 Evanyelii,
356 2485 483 2565 etlibro,
494 2486 636 2548 utsceant
649 2486 809 2549 veritatem
819 2488 905 2549 servi
956 2510 992 2553 re
1015 2488 1220 2571 perterritus,
1237 2492 1268 2548 et
1278 2484 1427 2567 praeceps·
1440 2482 1581 2546 scribere
1599 2484 1676 2546 umes

170 2583 244 2643 DEI
257 2582 289 2643 in
307 2580 439 2645 Concilio
456 2579 607 2656 mamimo,
620 2579 675 2641 ubi
691 2579 900 2662 interpretabi-
955 2586 1119 2659 visionem,
1134 2582 1214 2645 sicut
1216 2582 1326 2662 jussus
1341 2596 1423 2655 sum,
1438 2582 1470 2639 et
1478 2578 1564 2640 Duo
1570 2577 1676 2659 pruinas

173 2682 225 2737 tur
240 2676 356 2738 veritas
372 2674 403 2734 in
418 2672 523 2756 futuro
541 2679 684 2754 ternpore,
702 2680 732 2735 et
745 2674 818 2736 divi
826 2697 835 2736 .·
851 2693 904 2737 as-
958 2678 1176 2762 superomnia.

169 2771 276 2847 ’Μ’
293 2775 323 2831 ⁰²
337 2766 440 2874 ‘'b“b'b.
456 2767 549 2874 Μ’
566 2773 596 2828 ⁰⁸
610 2773 680 2828 mm
695 2774 900 2874 ‘mmm'
979 2800 1157 2881 Completus
1174 2804 1222 2859 est
1239 2797 1313 2859 iiber
1330 2814 1385 2876 per
1402 2802 1515 2857 manus'
1533 2792 1655 2859 Caecilii

170 2862 284 2926 eoelum
314 2868 344 2923 et
370 2861 436 2924 vulo
452 2880 485 2922 en
514 2879 547 2922 eo
576 2860 730 2943 templum,
748 2868 901 2925 etostmm
983 2900 986 2905 -
1075 2889 1250 2967 menradi,
1272 2890 1412 2970 discipuli
1433 2886 1562 2969 Jacoby,

169 2959 236 3039 ejus
253 2956 392 3019 clausum
408 2973 481 3017 sera
506 2973 550 3017 ex
574 2972 653 3016 auro
669 2954 789 3031 rubro,
811 2958 902 3038 cujus
1246 2982 1391 3065 Apo-,yyy

171 3049 275 3132 templi
291 3049 428 3113 valorem
449 3067 534 3111 nemo
551 3049 621 3124 scit,
647 3049 710 3112 nisi
731 3051 853 3114 DEDS:
873 3057 904 3112 et
1007 3102 1011 3110 .

175 3145 242 3208 vidi
256 3147 387 3225 Moysen
404 3136 584 3224 Propbetam
610 3144 685 3205 Dlii
697 3162 766 3206 cnm
793 3144 905 3208 tabidis
951 3182 957 3190 -
997 3148 1189 3213 GAEGlLlUS
1201 3149 1371 3226 Episcopus
1381 3147 1413 3206 in
1424 3144 1617 3210 Alsiencirou
1625 3145 1676 3209 Au

177 3239 210 3301 in
222 3239 286 3302 suis
297 3236 904 3319 manibus,conquerentemnputhlttM‚·
958 3260 1033 3305 num
1043 3243 1160 3305 Cllristi
1173 3241 1232 3302 250
1247 3247 1383 3319 temporo
1393 3241 1425 3301 S.
1434 3241 1601 3320 Cypriani,
1615 3256 1675 3303 cua

176 3335 293 3414 aspecci
302 3338 404 3393 autem
420 3332 451 3393 in
467 3330 540 3407 illis,
557 3329 658 3392 decem
674 3330 740 3392 locu
755 3331 852 3394 deluo
864 3332 906 3395 si·
958 3337 1066 3399 amem
1077 3335 1230 3415 Epistulas
1242 3332 1391 3413 quaedam
1405 3336 1605 3415 consignasse
1617 3334 1677 3415 tegi

175 3444 324 3507 ynorum,
341 3432 371 3488 et
386 3430 475 3487 ecce!
493 3424 626 3504 Anystus
652 3442 781 3506 maynoe
803 3433 906 3506 poten-
959 3428 1307 3507 tur,un1vnvncxvt1
1320 3426 1677 3509 Lxx.ndeundemssp·

176 3522 235 3582 tiae
248 3526 278 3581 et
293 3519 460 3599 majestatis
471 3516 710 3581 eaecbmaviteoe
719 3526 810 3599 parte
822 3520 905 3583 tlro·
959 3524 1036 3586 stola
1050 3525 1155 3585 exul.
1166 3522 1252 3584 Mlius
1264 3524 1295 3583 ni
1307 3522 1394 3583 tullos
1405 3520 1444 3583 nb
1455 3538 1492 3583 eo
1505 3520 1677 3597 effluo,

173 3615 224 3689 ni,
241 3620 271 3673 et
285 3612 375 3674 dixit.
403 3613 428 3673 0
447 3613 581 3691 Moyses,
600 3628 636 3672 ne
652 3618 781 3674 moestus
800 3614 846 3677 sis
865 3615 903 3677 de
956 3619 1073 3697 dequo
1090 3618 1215 3679 Pontius
1232 3619 1262 3676 iu
1281 3616 1311 3677 S.
1333 3616 1477 3695 Cypriani
1505 3619 1586 3679 vitu:
1610 3616 1679 3678 licat

177 3702 301 3782 tabulis,
332 3704 475 3786 quonim
504 3704 608 3767 DEDS
630 3703 788 3785 complebit
804 3706 902 3770 lucem
956 3730 1030 3775 sane
1044 3710 1092 3773 illi
1105 3711 1197 3772 etiam
1220 3709 1257 3771 de
1272 3707 1358 3771 nobis
1375 3706 1607 3773 contubernium
1625 3708 1681 3775 viri

174 3817 277 3875 suam,
305 3796 448 3878 quamvis
473 3804 607 3859 renuant
627 3798 768 3879 infideles.
790 3802 902 3865 Deinde
949 3806 1031 3887 justi
1045 3812 1076 3868 et
1090 3802 1254 3866 tavmbttu
1269 3802 1433 3864 memoriae
1443 3804 1580 3882 Caecilii,
1597 3811 1680 3867 etae

173 3899 298 3975 apertae
315 3898 387 3954 sunt
397 3897 506 3974 portae
522 3890 637 3973 tempii,
649 3900 681 3954 et
693 3894 760 3956 vidi
773 3905 807 3957 m
822 3915 856 3958 eo
867 3895 903 3958 li·
956 3907 1017 3964 tate
1031 3907 1102 3963 tunc
1118 3906 1147 3962 et
1159 3900 1271 3961 bonore
1287 3895 1483 3977 Presbyteri,
1500 3898 1559 3980 qui
1567 3918 1636 3963 mm
1646 3896 1681 3961 od

175 3987 276 4061 brum
293 3986 481 4063 obseratum,
500 3987 575 4048 etin
591 4004 624 4048 eo
641 3994 731 4050 eram
740 3996 851 4072 septem
860 3992 903 4053 si·
956 3996 1136 4075 aynitionem
1154 3996 1249 4056 Verae
1263 3990 1438 4053 Devinimtis
1451 4009 1473 4051 n
1488 3992 1627 4056 seculari
1639 4008 1681 4055 er·

173 4081 263 4161 yilla,
275 4100 318 4143 eu
335 4080 421 4143 lineis
436 4078 678 4161 trianyularibus
692 4086 904 4166 aurea,cujus
955 4107 1027 4150 rore
1052 4094 1243 4151 correxerat.
1267 4089 1356 4149 Mnnc
1372 4091 1442 4146 toto
1459 4085 1573 4150 bonore
1593 4094 1677 4171 aun

176 4176 312 4237 valorem
322 4192 406 4236 nemo
416 4176 658 4238 nisiDEllSscit.
672 4176 821 4259 Templum
832 4196 904 4240 vero
957 4182 1040 4243 omni
1053 4181 1247 4244 observantia
1265 4177 1426 4260 diliyebat,
1444 4176 1624 4262 obsequenti
1639 4196 1682 4243 ve·

177 4268 243 4330 tsece
256 4266 448 4344 coruscabat,
465 4287 544 4350 quae
560 4267 742 4351 obfuscabat
755 4271 864 4349 oculos,
876 4278 906 4335 et
956 4276 1112 4338 nerutione
1138 4276 1322 4358 suspiciens,
1339 4290 1399 4335 non
1421 4274 1492 4355 jam
1505 4281 1544 4336 eet
1556 4276 1681 4338 amiwn

178 4362 334 4442 inyressus
352 4367 397 4423 est
409 4364 526 4444 Moyses
540 4363 572 4423 in
585 4362 665 4425 illud
682 4380 751 4425 cum
772 4362 904 4443 tabulis,
957 4370 1078 4431 animae
1087 4367 1290 4451 coaequalem
1308 4365 1363 4429 sed
1377 4372 1524 4447 tanquam
1538 4368 1682 4433 novaevi-

177 4461 208 4515 et
221 4455 358 4517 clausecm
374 4462 428 4531 est,
442 4456 523 4518 eiciet
533 4463 603 4518 erat
614 4457 721 4539 prius,
737 4464 768 4519 et
779 4463 849 4520 tunc
860 4458 905 4521 in'·
957 4469 1006 4527 tae
1015 4463 1205 4545 participem.
1219 4462 1339 4526 Exinde
1355 4464 1448 4522 ctiam
1464 4461 1619 4527 Caecilius
1631 4464 1682 4543 cp

178 4550 335 4629 terroyaui
345 4549 492 4631 Anyelum
506 4550 543 4613 de
559 4550 609 4612 illo
626 4550 699 4627 loco,
714 4558 745 4613 et
762 4550 846 4613 discit
863 4554 906 4617 ad
952 4557 1233 4639 prianeesdeinceps
1243 4557 1301 4618 dici
1315 4558 1424 4617 bentsu
1434 4558 1551 4636 Mortyr
1562 4559 1683 4620 libenter

177 4658 243 4702 nse:
261 4643 348 4706 Scias
362 4645 442 4725 quod
451 4644 528 4707 illud
537 4644 678 4724 templum
695 4652 742 4707 est
751 4646 902 4727 templum,
958 4653 1071 4731 voluit,
1087 4659 1123 4713 ut
1139 4668 1157 4714 a
1174 4654 1323 4713 Peursono
1339 4650 1376 4712 ud
1393 4648 1520 4713 Annum
1537 4652 1684 4715 stamme

178 4733 259 4815 quod
274 4734 387 4797 dicitur
401 4738 542 4819 templum
557 4738 803 4819 Misericordiae,
820 4749 851 4804 et
869 4742 904 4805 li-
956 4752 1006 4808 ost
1032 4752 1222 4808 annotatum.
1243 4747 1390 4807 Bummus
1416 4743 1454 4805 ud
1480 4743 1608 4809 dunum
1628 4746 1682 4809 ibi

180 4826 248 4904 ber,
265 4844 353 4909 quem
368 4829 474 4892 vidisti
488 4830 520 4891 in
534 4848 581 4906 eo,
609 4837 656 4893 est
669 4834 786 4898 veritas
803 4836 904 4899 Euan·
959 4856 1042 4901 num.
1061 4841 1080 4901 b
1096 4839 1228 4901 eundem
1256 4846 1345 4919 putat
1373 4838 1538 4901 Rhetomm
1556 4841 1682 4905 nubilem

179 4921 267 5000 yeiii,
285 4936 378 5001 queam
406 4921 552 4985 neminem
570 4924 772 5008 insipientium
802 4930 905 4994 DEb'S
959 4931 1080 5009 dirum,
1098 4952 1115 4994 a
1132 4950 1192 5013 quo
1219 4933 1441 4995 Diadumenum
1468 4934 1680 5014 Imperatorem

181 5016 261 5079 scire
275 5013 379 5099 saciet,
397 5033 492 5099 usque
505 5018 548 5083 ad
561 5018 639 5083 diem
652 5021 905 5106 interpretationis
960 5025 1114 5089 cruditum
1132 5033 1234 5090 narrat.
1246 5026 1435 5107 Lampridius
1453 5030 1484 5089 iu
1502 5030 1682 5097 Diadumeno
