<?xml version="1.0" encoding="UTF-8"?>
<!DOCTYPE html PUBLIC "-//W3C//DTD XHTML 1.0 Transitional//EN"
    "http://www.w3.org/TR/xhtml1/DTD/xhtml1-transitional.dtd">
<html xmlns="http://www.w3.org/1999/xhtml" xml:lang="en" lang="en">
 <head>
  <title>
</title>
<meta http-equiv="Content-Type" content="text/html;charset=utf-8" />
  <meta name='ocr-system' content='tesseract 3.04.00' />
  <meta name='ocr-capabilities' content='ocr_page ocr_carea ocr_par ocr_line ocrx_word'/>
</head>
<body>
  <div class='ocr_page' id='page_1' title='image "./bibliothecalati00gallgoog/bibliothecalati00gallgoog_0568.png"; bbox 0 0 3458 5332; ppageno 0'>
   <div class='ocr_carea' id='block_1_1' title="bbox 766 328 1054 391">
    <p class='ocr_par' dir='ltr' id='par_1_1' title="bbox 766 328 1054 391">
     <span class='ocr_line' id='line_1_1' title="bbox 766 328 1054 391; baseline 0.017 -5"><span class='ocrx_word' id='word_1_1' title='bbox 766 328 1054 391; x_wconf 73' lang='lat' dir='ltr'><em>saadutha</em></span> 
     </span>
    </p>
   </div>
   <div class='ocr_carea' id='block_1_2' title="bbox 162 429 1658 796">
    <p class='ocr_par' dir='ltr' id='par_1_2' title="bbox 162 429 1658 796">
     <span class='ocr_line' id='line_1_2' title="bbox 170 429 1658 512; baseline 0.004 -21"><span class='ocrx_word' id='word_1_2' title='bbox 170 430 353 510; x_wconf 80' lang='lat' dir='ltr'><em>rebrrrpense</em></span> <span class='ocrx_word' id='word_1_3' title='bbox 372 429 583 507; x_wconf 82' lang='lat' dir='ltr'><em>Bulum&#39;onnm,</em></span> <span class='ocrx_word' id='word_1_4' title='bbox 601 448 666 509; x_wconf 85' lang='lat' dir='ltr'><em>pag.</em></span> <span class='ocrx_word' id='word_1_5' title='bbox 685 433 744 492; x_wconf 97' lang='grc'><em>806</em></span> <span class='ocrx_word' id='word_1_6' title='bbox 761 434 788 494; x_wconf 83' lang='grc'><em>5.</em></span> <span class='ocrx_word' id='word_1_7' title='bbox 810 433 888 492; x_wconf 80' lang='lat' dir='ltr'><em>Ano</em></span> <span class='ocrx_word' id='word_1_8' title='bbox 939 437 991 495; x_wconf 87' lang='grc'><strong>444.</strong></span> <span class='ocrx_word' id='word_1_9' title='bbox 1008 435 1235 508; x_wconf 87' lang='lat' dir='ltr'><em>werthinensi,</em></span> <span class='ocrx_word' id='word_1_10' title='bbox 1254 452 1320 512; x_wconf 87' lang='lat' dir='ltr'><em>pag.</em></span> <span class='ocrx_word' id='word_1_11' title='bbox 1337 436 1396 494; x_wconf 90' lang='grc'><em>948</em></span> <span class='ocrx_word' id='word_1_12' title='bbox 1425 438 1451 496; x_wconf 86' lang='grc'><em>5.</em></span> <span class='ocrx_word' id='word_1_13' title='bbox 1481 436 1658 499; x_wconf 79' lang='lat' dir='ltr'><em>Emorcismi</em></span> 
     </span>
     <span class='ocr_line' id='line_1_3' title="bbox 164 521 1655 606; baseline 0.005 -23"><span class='ocrx_word' id='word_1_14' title='bbox 164 525 252 606; x_wconf 77' lang='lat' dir='ltr'><em>npmi</em></span> <span class='ocrx_word' id='word_1_15' title='bbox 271 524 440 587; x_wconf 80' lang='lat' dir='ltr'><em>chronicon</em></span> <span class='ocrx_word' id='word_1_16' title='bbox 465 521 713 603; x_wconf 82' lang='lat' dir='ltr'><em>ti&#39;ircelrurpense</em></span> <span class='ocrx_word' id='word_1_17' title='bbox 727 523 785 585; x_wconf 79' lang='lat' dir='ltr'><em>An.</em></span> <span class='ocrx_word' id='word_1_18' title='bbox 809 527 885 587; x_wconf 97' lang='grc'><strong>4340</strong></span> <span class='ocrx_word' id='word_1_19' title='bbox 941 537 969 588; x_wconf 88' lang='grc'><em>04</em></span> <span class='ocrx_word' id='word_1_20' title='bbox 985 528 1178 589; x_wconf 75' lang='lat' dir='ltr'><em>ceremoniae</em></span> <span class='ocrx_word' id='word_1_21' title='bbox 1194 527 1224 586; x_wconf 89' lang='lat' dir='ltr'><em>in</em></span> <span class='ocrx_word' id='word_1_22' title='bbox 1240 525 1368 586; x_wconf 80' lang='lat' dir='ltr'><em>tudiciis</em></span> <span class='ocrx_word' id='word_1_23' title='bbox 1383 528 1474 601; x_wconf 82' lang='lat' dir='ltr'><em>DEI,</em></span> <span class='ocrx_word' id='word_1_24' title='bbox 1492 549 1528 592; x_wconf 80' lang='lat' dir='ltr'><em>es</em></span> <span class='ocrx_word' id='word_1_25' title='bbox 1546 530 1655 598; x_wconf 88' lang='lat' dir='ltr'><em>Codice</em></span> 
     </span>
     <span class='ocr_line' id='line_1_4' title="bbox 164 612 1657 698; baseline 0.005 -20"><span class='ocrx_word' id='word_1_26' title='bbox 164 616 377 697; x_wconf 87' lang='lat' dir='ltr'><em>conscriptum,</em></span> <span class='ocrx_word' id='word_1_27' title='bbox 393 624 421 677; x_wconf 91' lang='lat' dir='ltr'><em>et</em></span> <span class='ocrx_word' id='word_1_28' title='bbox 444 636 538 696; x_wconf 86' lang='lat' dir='ltr'><em>usque</em></span> <span class='ocrx_word' id='word_1_29' title='bbox 562 617 603 677; x_wconf 86' lang='lat' dir='ltr'><em>ud</em></span> <span class='ocrx_word' id='word_1_30' title='bbox 629 618 824 678; x_wconf 77' lang='lat' dir='ltr'><strong><em>Laurentium</em></strong></span> <span class='ocrx_word' id='word_1_31' title='bbox 850 618 886 678; x_wconf 88' lang='lat' dir='ltr'><em>de</em></span> <span class='ocrx_word' id='word_1_32' title='bbox 940 621 1146 682; x_wconf 82' lang='lat' dir='ltr'><em>werthinensi</em></span> <span class='ocrx_word' id='word_1_33' title='bbox 1177 622 1274 681; x_wconf 86' lang='grc'><strong>800044</strong></span> <span class='ocrx_word' id='word_1_34' title='bbox 1293 622 1344 680; x_wconf 81' lang='lat' dir='ltr'><em>xl.</em></span> <span class='ocrx_word' id='word_1_35' title='bbox 1361 612 1427 698; x_wconf 62' lang='lat' dir='ltr'><em>pagss</em></span> <span class='ocrx_word' id='word_1_36' title='bbox 1444 623 1502 681; x_wconf 89' lang='grc'><em>949</em></span> <span class='ocrx_word' id='word_1_37' title='bbox 1520 623 1549 684; x_wconf 91' lang='grc'><em>6.</em></span> <span class='ocrx_word' id='word_1_38' title='bbox 1569 624 1657 686; x_wconf 87' lang='lat' dir='ltr'><em>Cale·</em></span> 
     </span>
     <span class='ocr_line' id='line_1_5' title="bbox 162 709 1656 796; baseline 0.001 -25"><span class='ocrx_word' id='word_1_39' title='bbox 162 709 261 772; x_wconf 81' lang='lat' dir='ltr'><strong><em>Bibra</em></strong></span> <span class='ocrx_word' id='word_1_40' title='bbox 289 711 511 786; x_wconf 86' lang='lat' dir='ltr'><em>continuatum,</em></span> <span class='ocrx_word' id='word_1_41' title='bbox 540 729 578 770; x_wconf 83' lang='lat' dir='ltr'><em>ex</em></span> <span class='ocrx_word' id='word_1_42' title='bbox 595 711 705 772; x_wconf 79' lang='lat' dir='ltr'>Codice</span> <span class='ocrx_word' id='word_1_43' title='bbox 723 713 805 773; x_wconf 85' lang='grc'><strong>44840</strong></span> <span class='ocrx_word' id='word_1_44' title='bbox 824 728 885 772; x_wconf 87' lang='lat' dir='ltr'><em>mo-</em></span> <span class='ocrx_word' id='word_1_45' title='bbox 939 712 1036 776; x_wconf 86' lang='lat' dir='ltr'><em>cbesis</em></span> <span class='ocrx_word' id='word_1_46' title='bbox 1056 714 1226 788; x_wconf 79' lang='lat' dir='ltr'><em>Theotisca,</em></span> <span class='ocrx_word' id='word_1_47' title='bbox 1244 733 1282 773; x_wconf 85' lang='lat' dir='ltr'><em>ex</em></span> <span class='ocrx_word' id='word_1_48' title='bbox 1308 712 1416 774; x_wconf 80' lang='lat' dir='ltr'>Codice</span> <span class='ocrx_word' id='word_1_49' title='bbox 1434 714 1656 796; x_wconf 78' lang='lat' dir='ltr'><em>Bibliothecae,</em></span> 
     </span>
    </p>
   </div>
   <div class='ocr_carea' id='block_1_3' title="bbox 164 805 1660 1636">
    <p class='ocr_par' dir='ltr' id='par_1_3' title="bbox 164 805 1660 1636">
     <span class='ocr_line' id='line_1_6' title="bbox 166 805 1656 888; baseline 0.002 -22"><span class='ocrx_word' id='word_1_50' title='bbox 166 808 291 867; x_wconf 75' lang='grc'><strong>00040044</strong></span> <span class='ocrx_word' id='word_1_51' title='bbox 307 807 337 866; x_wconf 89' lang='lat' dir='ltr'><em>S.</em></span> <span class='ocrx_word' id='word_1_52' title='bbox 356 805 500 884; x_wconf 80' lang='lat' dir='ltr'>Stephani</span> <span class='ocrx_word' id='word_1_53' title='bbox 524 805 800 883; x_wconf 81' lang='lat' dir='ltr'>wirceburgensis,</span> <span class='ocrx_word' id='word_1_54' title='bbox 818 822 884 882; x_wconf 84' lang='lat' dir='ltr'><em>pag.</em></span> <span class='ocrx_word' id='word_1_55' title='bbox 940 827 1005 887; x_wconf 89' lang='lat' dir='ltr'><em>pag.</em></span> <span class='ocrx_word' id='word_1_56' title='bbox 1023 811 1081 869; x_wconf 88' lang='grc'><em>993</em></span> <span class='ocrx_word' id='word_1_57' title='bbox 1099 808 1127 868; x_wconf 90' lang='lat'><em>7.</em></span> <span class='ocrx_word' id='word_1_58' title='bbox 1144 805 1295 888; x_wconf 75' lang='lat' dir='ltr'><em>Confessio</em></span> <span class='ocrx_word' id='word_1_59' title='bbox 1317 805 1475 881; x_wconf 87' lang='lat' dir='ltr'><em>Theotisca,</em></span> <span class='ocrx_word' id='word_1_60' title='bbox 1491 825 1530 866; x_wconf 89' lang='lat' dir='ltr'><em>ex</em></span> <span class='ocrx_word' id='word_1_61' title='bbox 1547 807 1656 869; x_wconf 84' lang='lat' dir='ltr'><em>Codice</em></span> 
     </span>
     <span class='ocr_line' id='line_1_7' title="bbox 165 896 1657 980; baseline 0.001 -21"><span class='ocrx_word' id='word_1_62' title='bbox 165 901 246 972; x_wconf 86' lang='grc'><strong>846,</strong></span> <span class='ocrx_word' id='word_1_63' title='bbox 262 901 288 958; x_wconf 91' lang='grc'><em>6.</em></span> <span class='ocrx_word' id='word_1_64' title='bbox 310 897 494 958; x_wconf 77' lang='lat' dir='ltr'><em>Venerabilis</em></span> <span class='ocrx_word' id='word_1_65' title='bbox 507 897 605 958; x_wconf 78' lang='lat' dir='ltr'><em>Redeo</em></span> <span class='ocrx_word' id='word_1_66' title='bbox 626 896 703 958; x_wconf 85' lang='lat' dir='ltr'><em>liber</em></span> <span class='ocrx_word' id='word_1_67' title='bbox 719 896 755 958; x_wconf 87' lang='lat' dir='ltr'><em>de</em></span> <span class='ocrx_word' id='word_1_68' title='bbox 768 897 885 957; x_wconf 87' lang='lat' dir='ltr'><em>ratione</em></span> <span class='ocrx_word' id='word_1_69' title='bbox 940 902 1141 962; x_wconf 74' lang='lat' dir='ltr'><em>Bibliothecae</em></span> <span class='ocrx_word' id='word_1_70' title='bbox 1170 901 1358 962; x_wconf 87' lang='lat' dir='ltr'><em>Cathedralis</em></span> <span class='ocrx_word' id='word_1_71' title='bbox 1376 900 1657 980; x_wconf 79' lang='lat' dir='ltr'><em>wirceburgensis,</em></span> 
     </span>
     <span class='ocr_line' id='line_1_8' title="bbox 165 989 1659 1073; baseline 0.001 -19"><span class='ocrx_word' id='word_1_72' title='bbox 165 998 356 1072; x_wconf 89' lang='lat' dir='ltr'><em>temporum,</em></span> <span class='ocrx_word' id='word_1_73' title='bbox 383 1009 451 1052; x_wconf 89' lang='lat' dir='ltr'><em>cum</em></span> <span class='ocrx_word' id='word_1_74' title='bbox 469 990 669 1053; x_wconf 76' lang='lat' dir='ltr'><em>Bibliothecae</em></span> <span class='ocrx_word' id='word_1_75' title='bbox 693 989 884 1053; x_wconf 83' lang='lat' dir='ltr'><em>Cathedralis</em></span> <span class='ocrx_word' id='word_1_76' title='bbox 939 1013 1004 1073; x_wconf 87' lang='lat' dir='ltr'><em>pag.</em></span> <span class='ocrx_word' id='word_1_77' title='bbox 1013 997 1071 1057; x_wconf 89' lang='grc'><em>930</em></span> <span class='ocrx_word' id='word_1_78' title='bbox 1085 997 1112 1055; x_wconf 93' lang='lat'><em>8.</em></span> <span class='ocrx_word' id='word_1_79' title='bbox 1124 992 1329 1056; x_wconf 88' lang='lat' dir='ltr'><em>Homiliarum</em></span> <span class='ocrx_word' id='word_1_80' title='bbox 1347 992 1570 1054; x_wconf 80' lang='lat' dir='ltr'><em>Theotiscarum</em></span> <span class='ocrx_word' id='word_1_81' title='bbox 1581 995 1659 1055; x_wconf 84' lang='lat' dir='ltr'><em>Fra-</em></span> 
     </span>
     <span class='ocr_line' id='line_1_9' title="bbox 170 1083 1656 1166; baseline -0.002 -15"><span class='ocrx_word' id='word_1_82' title='bbox 170 1085 430 1164; x_wconf 78' lang='lat' dir='ltr'><em>Wireelmrpensis</em></span> <span class='ocrx_word' id='word_1_83' title='bbox 462 1085 570 1149; x_wconf 87' lang='lat' dir='ltr'><em>Codice</em></span> <span class='ocrx_word' id='word_1_84' title='bbox 590 1084 736 1160; x_wconf 85' lang='lat' dir='ltr'><em>collatus,</em></span> <span class='ocrx_word' id='word_1_85' title='bbox 758 1083 884 1163; x_wconf 87' lang='lat' dir='ltr'><em>adjectis</em></span> <span class='ocrx_word' id='word_1_86' title='bbox 936 1095 1077 1166; x_wconf 83' lang='lat' dir='ltr'><em>pmento,</em></span> <span class='ocrx_word' id='word_1_87' title='bbox 1098 1108 1134 1149; x_wconf 86' lang='lat' dir='ltr'><em>ex</em></span> <span class='ocrx_word' id='word_1_88' title='bbox 1154 1087 1264 1148; x_wconf 84' lang='lat' dir='ltr'><em>Codice</em></span> <span class='ocrx_word' id='word_1_89' title='bbox 1282 1089 1447 1158; x_wconf 85' lang='lat' dir='ltr'><em>Caesareo,</em></span> <span class='ocrx_word' id='word_1_90' title='bbox 1466 1105 1532 1166; x_wconf 86' lang='lat' dir='ltr'><em>pag.-</em></span> <span class='ocrx_word' id='word_1_91' title='bbox 1549 1088 1603 1150; x_wconf 86' lang='grc'><em>944</em></span> <span class='ocrx_word' id='word_1_92' title='bbox 1629 1089 1656 1148; x_wconf 91' lang='grc'><em>9.</em></span> 
     </span>
     <span class='ocr_line' id='line_1_10' title="bbox 170 1176 1660 1261; baseline 0 -20"><span class='ocrx_word' id='word_1_93' title='bbox 170 1179 251 1241; x_wconf 87' lang='lat' dir='ltr'><em>binis</em></span> <span class='ocrx_word' id='word_1_94' title='bbox 269 1179 425 1242; x_wconf 72' lang='lat' dir='ltr'><em>chronicis</em></span> <span class='ocrx_word' id='word_1_95' title='bbox 442 1178 673 1251; x_wconf 86' lang='lat' dir='ltr'><em>vetustissimis,</em></span> <span class='ocrx_word' id='word_1_96' title='bbox 691 1196 757 1256; x_wconf 89' lang='lat' dir='ltr'><em>pag.</em></span> <span class='ocrx_word' id='word_1_97' title='bbox 779 1180 838 1238; x_wconf 87' lang='grc'><em>895</em></span> <span class='ocrx_word' id='word_1_98' title='bbox 856 1176 883 1236; x_wconf 87' lang='lat'><em>7.</em></span> <span class='ocrx_word' id='word_1_99' title='bbox 941 1182 1053 1261; x_wconf 80' lang='lat' dir='ltr'><em>Hymni</em></span> <span class='ocrx_word' id='word_1_100' title='bbox 1066 1181 1230 1257; x_wconf 82' lang='lat' dir='ltr'><em>Francici,</em></span> <span class='ocrx_word' id='word_1_101' title='bbox 1247 1199 1283 1241; x_wconf 80' lang='lat' dir='ltr'><em>es</em></span> <span class='ocrx_word' id='word_1_102' title='bbox 1301 1180 1409 1241; x_wconf 83' lang='lat' dir='ltr'><em>Codice</em></span> <span class='ocrx_word' id='word_1_103' title='bbox 1433 1182 1563 1241; x_wconf 87' lang='grc'><strong>3004000</strong></span> <span class='ocrx_word' id='word_1_104' title='bbox 1579 1183 1660 1243; x_wconf 84' lang='lat' dir='ltr'><em>Oxo-</em></span> 
     </span>
     <span class='ocr_line' id='line_1_11' title="bbox 165 1270 1658 1354; baseline -0.001 -17"><span class='ocrx_word' id='word_1_105' title='bbox 165 1274 409 1337; x_wconf 83' lang='lat' dir='ltr'><em>Additamentum</em></span> <span class='ocrx_word' id='word_1_106' title='bbox 430 1272 472 1333; x_wconf 81' lang='lat' dir='ltr'><em>acl</em></span> <span class='ocrx_word' id='word_1_107' title='bbox 495 1272 594 1332; x_wconf 88' lang='lat' dir='ltr'><em>Bedae</em></span> <span class='ocrx_word' id='word_1_108' title='bbox 617 1270 883 1350; x_wconf 72' lang='lat' dir='ltr'><em>dlartprolopium.</em></span> <span class='ocrx_word' id='word_1_109' title='bbox 941 1278 1037 1347; x_wconf 79' lang='lat' dir='ltr'><em>nicusi</em></span> <span class='ocrx_word' id='word_1_110' title='bbox 1055 1321 1061 1350; x_wconf 94' lang='lat'><em>,</em></span> <span class='ocrx_word' id='word_1_111' title='bbox 1078 1294 1144 1354; x_wconf 89' lang='lat' dir='ltr'><em>pag.</em></span> <span class='ocrx_word' id='word_1_112' title='bbox 1160 1274 1219 1334; x_wconf 85' lang='grc'><em>948</em></span> <span class='ocrx_word' id='word_1_113' title='bbox 1238 1275 1286 1335; x_wconf 92' lang='grc'><em>40.</em></span> <span class='ocrx_word' id='word_1_114' title='bbox 1303 1271 1424 1335; x_wconf 77' lang='lat' dir='ltr'><em>Bolitai</em></span> <span class='ocrx_word' id='word_1_115' title='bbox 1444 1273 1549 1336; x_wconf 82' lang='lat' dir='ltr'><em>Mauri</em></span> <span class='ocrx_word' id='word_1_116' title='bbox 1574 1272 1658 1336; x_wconf 86' lang='lat' dir='ltr'><em>Glos-</em></span> 
     </span>
     <span class='ocr_line' id='line_1_12' title="bbox 164 1367 1657 1445; baseline -0.003 -13"><span class='ocrx_word' id='word_1_117' title='bbox 164 1389 202 1432; x_wconf 79' lang='lat' dir='ltr'><em>cx</em></span> <span class='ocrx_word' id='word_1_118' title='bbox 219 1368 327 1431; x_wconf 86' lang='lat' dir='ltr'><em>Codice</em></span> <span class='ocrx_word' id='word_1_119' title='bbox 346 1367 535 1445; x_wconf 77' lang='lat' dir='ltr'><em>wirceburg.</em></span> <span class='ocrx_word' id='word_1_120' title='bbox 553 1367 655 1426; x_wconf 89' lang='lat' dir='ltr'><em>seculo</em></span> <span class='ocrx_word' id='word_1_121' title='bbox 674 1368 712 1425; x_wconf 86' lang='lat' dir='ltr'><em>tx</em></span> <span class='ocrx_word' id='word_1_122' title='bbox 728 1413 738 1441; x_wconf 94' lang='lat'><em>,</em></span> <span class='ocrx_word' id='word_1_123' title='bbox 752 1372 884 1440; x_wconf 88' lang='lat' dir='ltr'><em>exarato,</em></span> <span class='ocrx_word' id='word_1_124' title='bbox 940 1369 1058 1428; x_wconf 86' lang='lat' dir='ltr'><em>serium</em></span> <span class='ocrx_word' id='word_1_125' title='bbox 1084 1369 1115 1429; x_wconf 89' lang='lat' dir='ltr'><em>in</em></span> <span class='ocrx_word' id='word_1_126' title='bbox 1135 1371 1222 1429; x_wconf 86' lang='lat' dir='ltr'><em>Vetus</em></span> <span class='ocrx_word' id='word_1_127' title='bbox 1246 1373 1275 1427; x_wconf 89' lang='lat' dir='ltr'><em>et</em></span> <span class='ocrx_word' id='word_1_128' title='bbox 1287 1368 1403 1428; x_wconf 82' lang='lat' dir='ltr'><em>Novum</em></span> <span class='ocrx_word' id='word_1_129' title='bbox 1422 1368 1657 1443; x_wconf 83' lang='lat' dir='ltr'><em>Testamentum,</em></span> 
     </span>
     <span class='ocr_line' id='line_1_13' title="bbox 165 1455 1660 1543; baseline -0.001 -19"><span class='ocrx_word' id='word_1_130' title='bbox 165 1481 232 1543; x_wconf 92' lang='lat' dir='ltr'><em>pag.</em></span> <span class='ocrx_word' id='word_1_131' title='bbox 252 1464 310 1522; x_wconf 92' lang='grc'><em>899</em></span> <span class='ocrx_word' id='word_1_132' title='bbox 332 1463 360 1522; x_wconf 89' lang='grc'><em>8.</em></span> <span class='ocrx_word' id='word_1_133' title='bbox 384 1459 592 1538; x_wconf 79' lang='lat' dir='ltr'><em>iVecrolopium</em></span> <span class='ocrx_word' id='word_1_134' title='bbox 620 1459 766 1519; x_wconf 88' lang='lat' dir='ltr'><em>insertum</em></span> <span class='ocrx_word' id='word_1_135' title='bbox 787 1455 886 1517; x_wconf 88' lang='lat' dir='ltr'><em>Bedoe</em></span> <span class='ocrx_word' id='word_1_136' title='bbox 928 1480 977 1520; x_wconf 81' lang='lat' dir='ltr'><em>-ex</em></span> <span class='ocrx_word' id='word_1_137' title='bbox 990 1461 1062 1520; x_wconf 88' lang='lat' dir='ltr'><em>Cod.</em></span> <span class='ocrx_word' id='word_1_138' title='bbox 1075 1461 1432 1539; x_wconf 87' lang='lat' dir='ltr'><em>Biblioth.Caesareae,p.</em></span> <span class='ocrx_word' id='word_1_139' title='bbox 1446 1461 1504 1522; x_wconf 91' lang='grc'><em>950</em></span> <span class='ocrx_word' id='word_1_140' title='bbox 1520 1458 1660 1522; x_wconf 88' lang='lat' dir='ltr'><em>il.Glos·</em></span> 
     </span>
     <span class='ocr_line' id='line_1_14' title="bbox 166 1553 1659 1636; baseline -0.004 -17"><span class='ocrx_word' id='word_1_141' title='bbox 166 1554 391 1636; x_wconf 78' lang='lat' dir='ltr'><em>Martyrolopio,</em></span> <span class='ocrx_word' id='word_1_142' title='bbox 407 1573 444 1615; x_wconf 83' lang='lat' dir='ltr'><em>ex</em></span> <span class='ocrx_word' id='word_1_143' title='bbox 460 1554 570 1636; x_wconf 86' lang='lat' dir='ltr'><em>Codice</em></span> <span class='ocrx_word' id='word_1_144' title='bbox 588 1553 773 1631; x_wconf 81' lang='lat' dir='ltr'><em>wirceburg.</em></span> <span class='ocrx_word' id='word_1_145' title='bbox 792 1553 884 1613; x_wconf 91' lang='lat' dir='ltr'><em>seculi</em></span> <span class='ocrx_word' id='word_1_146' title='bbox 940 1572 994 1614; x_wconf 85' lang='lat' dir='ltr'><em>sae</em></span> <span class='ocrx_word' id='word_1_147' title='bbox 1011 1553 1178 1615; x_wconf 87' lang='lat' dir='ltr'><em>Theotiscoe</em></span> <span class='ocrx_word' id='word_1_148' title='bbox 1194 1599 1200 1628; x_wconf 89' lang='lat'><em>,</em></span> <span class='ocrx_word' id='word_1_149' title='bbox 1215 1572 1253 1614; x_wconf 83' lang='lat' dir='ltr'><em>ex</em></span> <span class='ocrx_word' id='word_1_150' title='bbox 1282 1554 1443 1615; x_wconf 89' lang='lat' dir='ltr'><em>Codicibus</em></span> <span class='ocrx_word' id='word_1_151' title='bbox 1460 1553 1659 1615; x_wconf 77' lang='lat' dir='ltr'><em>Bibliothecae</em></span> 
     </span>
    </p>
   </div>
   <div class='ocr_carea' id='block_1_4' title="bbox 116 1645 892 4897">
    <p class='ocr_par' dir='ltr' id='par_1_4' title="bbox 164 1645 891 4150">
     <span class='ocr_line' id='line_1_15' title="bbox 166 1645 887 1730; baseline -0.011 -18"><span class='ocrx_word' id='word_1_152' title='bbox 166 1654 219 1712; x_wconf 86' lang='lat' dir='ltr'><em>tx.</em></span> <span class='ocrx_word' id='word_1_153' title='bbox 237 1668 302 1730; x_wconf 89' lang='lat' dir='ltr'><em>pag.</em></span> <span class='ocrx_word' id='word_1_154' title='bbox 327 1651 385 1709; x_wconf 94' lang='grc'><em>830</em></span> <span class='ocrx_word' id='word_1_155' title='bbox 413 1652 442 1708; x_wconf 88' lang='grc'><em>9.</em></span> <span class='ocrx_word' id='word_1_156' title='bbox 464 1650 615 1726; x_wconf 80' lang='lat' dir='ltr'><em>Excerpta</em></span> <span class='ocrx_word' id='word_1_157' title='bbox 634 1665 677 1707; x_wconf 83' lang='lat' dir='ltr'><em>ene</em></span> <span class='ocrx_word' id='word_1_158' title='bbox 705 1645 887 1708; x_wconf 88' lang='lat' dir='ltr'><em>Calendario</em></span> 
     </span>
     <span class='ocr_line' id='line_1_16' title="bbox 167 1739 885 1819; baseline -0.015 -12"><span class='ocrx_word' id='word_1_159' title='bbox 167 1742 305 1807; x_wconf 73' lang='lat' dir='ltr'><em>besalis</em></span> <span class='ocrx_word' id='word_1_160' title='bbox 338 1740 539 1819; x_wconf 78' lang='lat' dir='ltr'><em>Frisinpensis</em></span> <span class='ocrx_word' id='word_1_161' title='bbox 569 1739 793 1813; x_wconf 86' lang='lat' dir='ltr'><em>vetustissimo,</em></span> <span class='ocrx_word' id='word_1_162' title='bbox 820 1758 885 1817; x_wconf 85' lang='lat' dir='ltr'><em>pag.</em></span> 
     </span>
     <span class='ocr_line' id='line_1_17' title="bbox 167 1830 885 1914; baseline -0.007 -18"><span class='ocrx_word' id='word_1_163' title='bbox 167 1840 225 1898; x_wconf 88' lang='grc'><em>834</em></span> <span class='ocrx_word' id='word_1_164' title='bbox 247 1838 292 1896; x_wconf 92' lang='grc'><em>40.</em></span> <span class='ocrx_word' id='word_1_165' title='bbox 313 1833 475 1908; x_wconf 71' lang='lat' dir='ltr'><em>buchardi,</em></span> <span class='ocrx_word' id='word_1_166' title='bbox 494 1833 635 1914; x_wconf 81' lang='lat' dir='ltr'><em>Episcopi</em></span> <span class='ocrx_word' id='word_1_167' title='bbox 656 1830 885 1910; x_wconf 72' lang='lat' dir='ltr'><em>wirceburgen-</em></span> 
     </span>
     <span class='ocr_line' id='line_1_18' title="bbox 166 1925 885 2008; baseline -0.014 -16"><span class='ocrx_word' id='word_1_168' title='bbox 166 1931 220 2008; x_wconf 86' lang='lat' dir='ltr'><em>sis,</em></span> <span class='ocrx_word' id='word_1_169' title='bbox 233 1929 338 1992; x_wconf 79' lang='lat' dir='ltr'><em>Cedere</em></span> <span class='ocrx_word' id='word_1_170' title='bbox 352 1926 564 2002; x_wconf 88' lang='lat' dir='ltr'><em>Homiliarum,</em></span> <span class='ocrx_word' id='word_1_171' title='bbox 576 1945 614 1986; x_wconf 85' lang='lat' dir='ltr'><em>ex</em></span> <span class='ocrx_word' id='word_1_172' title='bbox 627 1925 885 1986; x_wconf 86' lang='lat' dir='ltr'><em>BibliothecaCat-</em></span> 
     </span>
     <span class='ocr_line' id='line_1_19' title="bbox 168 2020 885 2098; baseline -0.011 -13"><span class='ocrx_word' id='word_1_173' title='bbox 168 2024 281 2085; x_wconf 91' lang='lat' dir='ltr'><em>hedrali</em></span> <span class='ocrx_word' id='word_1_174' title='bbox 298 2022 543 2098; x_wconf 86' lang='lat' dir='ltr'><em>wirceburgensi</em></span> <span class='ocrx_word' id='word_1_175' title='bbox 559 2025 737 2097; x_wconf 77' lang='lat' dir='ltr'><em>excerptus,</em></span> <span class='ocrx_word' id='word_1_176' title='bbox 748 2020 797 2079; x_wconf 91' lang='grc'><em>004</em></span> <span class='ocrx_word' id='word_1_177' title='bbox 813 2035 885 2077; x_wconf 89' lang='lat' dir='ltr'><em>nun-</em></span> 
     </span>
     <span class='ocr_line' id='line_1_20' title="bbox 166 2114 884 2186; baseline -0.013 -6"><span class='ocrx_word' id='word_1_178' title='bbox 166 2119 249 2180; x_wconf 91' lang='lat' dir='ltr'><em>nulla</em></span> <span class='ocrx_word' id='word_1_179' title='bbox 275 2134 313 2176; x_wconf 86' lang='lat' dir='ltr'><em>ex</em></span> <span class='ocrx_word' id='word_1_180' title='bbox 343 2115 444 2186; x_wconf 85' lang='grc'><strong>44840,</strong></span> <span class='ocrx_word' id='word_1_181' title='bbox 465 2131 534 2173; x_wconf 88' lang='lat' dir='ltr'><em>aere</em></span> <span class='ocrx_word' id='word_1_182' title='bbox 555 2114 668 2174; x_wconf 89' lang='lat' dir='ltr'><em>caelata</em></span> <span class='ocrx_word' id='word_1_183' title='bbox 687 2115 884 2185; x_wconf 87' lang='lat' dir='ltr'><em>inseruntur,</em></span> 
     </span>
     <span class='ocr_line' id='line_1_21' title="bbox 167 2203 885 2294; baseline -0.013 -22"><span class='ocrx_word' id='word_1_184' title='bbox 167 2230 234 2293; x_wconf 86' lang='lat' dir='ltr'><em>pag.</em></span> <span class='ocrx_word' id='word_1_185' title='bbox 252 2208 310 2272; x_wconf 88' lang='grc'><em>837</em></span> <span class='ocrx_word' id='word_1_186' title='bbox 323 2212 370 2270; x_wconf 88' lang='grc'><em>44.</em></span> <span class='ocrx_word' id='word_1_187' title='bbox 388 2205 512 2267; x_wconf 89' lang='lat' dir='ltr'><em>Glossae</em></span> <span class='ocrx_word' id='word_1_188' title='bbox 526 2211 643 2267; x_wconf 87' lang='lat' dir='ltr'><em>veteres</em></span> <span class='ocrx_word' id='word_1_189' title='bbox 661 2203 764 2294; x_wconf 80' lang='lat' dir='ltr'><em>liapua</em></span> <span class='ocrx_word' id='word_1_190' title='bbox 776 2203 885 2266; x_wconf 89' lang='lat' dir='ltr'><em>Hiber-</em></span> 
     </span>
     <span class='ocr_line' id='line_1_22' title="bbox 166 2296 883 2380; baseline -0.011 -14"><span class='ocrx_word' id='word_1_191' title='bbox 166 2306 254 2379; x_wconf 85' lang='grc'><strong>0400,</strong></span> <span class='ocrx_word' id='word_1_192' title='bbox 287 2302 432 2380; x_wconf 88' lang='lat' dir='ltr'><em>Epistolis</em></span> <span class='ocrx_word' id='word_1_193' title='bbox 458 2303 492 2360; x_wconf 90' lang='grc'><em>4).</em></span> <span class='ocrx_word' id='word_1_194' title='bbox 521 2296 611 2359; x_wconf 85' lang='lat' dir='ltr'><em>Pauli</em></span> <span class='ocrx_word' id='word_1_195' title='bbox 629 2299 818 2377; x_wconf 83' lang='lat' dir='ltr'><em>adscriptae,</em></span> <span class='ocrx_word' id='word_1_196' title='bbox 846 2316 883 2358; x_wconf 83' lang='lat' dir='ltr'><em>ex</em></span> 
     </span>
     <span class='ocr_line' id='line_1_23' title="bbox 165 2391 884 2472; baseline -0.013 -13"><span class='ocrx_word' id='word_1_197' title='bbox 165 2399 276 2460; x_wconf 89' lang='lat' dir='ltr'><em>Codice</em></span> <span class='ocrx_word' id='word_1_198' title='bbox 291 2396 390 2457; x_wconf 92' lang='grc'><strong>800044</strong></span> <span class='ocrx_word' id='word_1_199' title='bbox 408 2393 459 2455; x_wconf 79' lang='grc'><strong>444.</strong></span> <span class='ocrx_word' id='word_1_200' title='bbox 476 2392 733 2472; x_wconf 86' lang='lat' dir='ltr'><em>wirceburgensi,</em></span> <span class='ocrx_word' id='word_1_201' title='bbox 747 2410 812 2471; x_wconf 90' lang='lat' dir='ltr'><em>pag.</em></span> <span class='ocrx_word' id='word_1_202' title='bbox 826 2391 884 2451; x_wconf 89' lang='grc'><em>847</em></span> 
     </span>
     <span class='ocr_line' id='line_1_24' title="bbox 167 2485 885 2562; baseline -0.017 -5"><span class='ocrx_word' id='word_1_203' title='bbox 167 2496 217 2556; x_wconf 85' lang='grc'><em>49.</em></span> <span class='ocrx_word' id='word_1_204' title='bbox 227 2489 416 2553; x_wconf 85' lang='lat' dir='ltr'><em>Glossarium</em></span> <span class='ocrx_word' id='word_1_205' title='bbox 427 2485 768 2562; x_wconf 75' lang='lat' dir='ltr'><em>BomaneTbeotiscum,</em></span> <span class='ocrx_word' id='word_1_206' title='bbox 780 2504 818 2546; x_wconf 83' lang='lat' dir='ltr'><em>ex</em></span> <span class='ocrx_word' id='word_1_207' title='bbox 830 2488 885 2546; x_wconf 91' lang='lat' dir='ltr'><em>Co·</em></span> 
     </span>
     <span class='ocr_line' id='line_1_25' title="bbox 167 2579 884 2658; baseline -0.015 -10"><span class='ocrx_word' id='word_1_208' title='bbox 167 2588 234 2648; x_wconf 92' lang='lat' dir='ltr'><em>dice</em></span> <span class='ocrx_word' id='word_1_209' title='bbox 252 2585 344 2646; x_wconf 89' lang='lat' dir='ltr'><em>seculi</em></span> <span class='ocrx_word' id='word_1_210' title='bbox 360 2585 480 2657; x_wconf 87' lang='lat' dir='ltr'><em>octavi,</em></span> <span class='ocrx_word' id='word_1_211' title='bbox 499 2583 528 2641; x_wconf 89' lang='lat' dir='ltr'><em>in</em></span> <span class='ocrx_word' id='word_1_212' title='bbox 546 2581 688 2642; x_wconf 85' lang='lat' dir='ltr'><em>Valdensi</em></span> <span class='ocrx_word' id='word_1_213' title='bbox 712 2579 884 2658; x_wconf 87' lang='lat' dir='ltr'><em>quondam,</em></span> 
     </span>
     <span class='ocr_line' id='line_1_26' title="bbox 168 2675 886 2741; baseline -0.013 0"><span class='ocrx_word' id='word_1_214' title='bbox 168 2697 250 2741; x_wconf 89' lang='lat' dir='ltr'><em>nunc</em></span> <span class='ocrx_word' id='word_1_215' title='bbox 267 2677 451 2739; x_wconf 71' lang='lat' dir='ltr'><em>Bibliotheca</em></span> <span class='ocrx_word' id='word_1_216' title='bbox 481 2675 764 2737; x_wconf 80' lang='lat' dir='ltr'><em>BassoCasseliana</em></span> <span class='ocrx_word' id='word_1_217' title='bbox 788 2691 886 2734; x_wconf 88' lang='lat' dir='ltr'><em>asser-</em></span> 
     </span>
     <span class='ocr_line' id='line_1_27' title="bbox 169 2766 884 2847; baseline -0.011 -14"><span class='ocrx_word' id='word_1_218' title='bbox 169 2781 239 2833; x_wconf 87' lang='lat' dir='ltr'><em>vato</em></span> <span class='ocrx_word' id='word_1_219' title='bbox 252 2820 261 2847; x_wconf 94' lang='lat'><em>,</em></span> <span class='ocrx_word' id='word_1_220' title='bbox 276 2775 325 2833; x_wconf 93' lang='lat' dir='ltr'><em>cui</em></span> <span class='ocrx_word' id='word_1_221' title='bbox 336 2770 471 2832; x_wconf 89' lang='lat' dir='ltr'><em>eruditas</em></span> <span class='ocrx_word' id='word_1_222' title='bbox 489 2767 646 2846; x_wconf 73' lang='lat' dir='ltr'><em>subiunxit</em></span> <span class='ocrx_word' id='word_1_223' title='bbox 664 2774 751 2827; x_wconf 87' lang='lat' dir='ltr'><em>notas</em></span> <span class='ocrx_word' id='word_1_224' title='bbox 765 2766 884 2841; x_wconf 88' lang='lat' dir='ltr'><em>editor,</em></span> 
     </span>
     <span class='ocr_line' id='line_1_28' title="bbox 168 2858 886 2945; baseline -0.011 -19"><span class='ocrx_word' id='word_1_225' title='bbox 168 2883 234 2945; x_wconf 86' lang='lat' dir='ltr'><em>pag.</em></span> <span class='ocrx_word' id='word_1_226' title='bbox 248 2867 315 2925; x_wconf 88' lang='grc'><strong>853,</strong></span> <span class='ocrx_word' id='word_1_227' title='bbox 329 2866 375 2926; x_wconf 91' lang='grc'><em>43.</em></span> <span class='ocrx_word' id='word_1_228' title='bbox 394 2864 606 2941; x_wconf 77' lang='lat' dir='ltr'><em>Fragmentum</em></span> <span class='ocrx_word' id='word_1_229' title='bbox 620 2858 744 2940; x_wconf 71' lang='lat' dir='ltr'><em>fabulae</em></span> <span class='ocrx_word' id='word_1_230' title='bbox 759 2863 886 2920; x_wconf 87' lang='lat' dir='ltr'><em>Bomon-</em></span> 
     </span>
     <span class='ocr_line' id='line_1_29' title="bbox 169 2953 887 3030; baseline -0.01 -12"><span class='ocrx_word' id='word_1_231' title='bbox 169 2959 255 3030; x_wconf 88' lang='lat' dir='ltr'><em>ticae‚</em></span> <span class='ocrx_word' id='word_1_232' title='bbox 267 2956 423 3017; x_wconf 69' lang='lat' dir='ltr'><em>Santonica</em></span> <span class='ocrx_word' id='word_1_233' title='bbox 435 2955 576 3027; x_wconf 84' lang='lat' dir='ltr'><em>Dialecto,</em></span> <span class='ocrx_word' id='word_1_234' title='bbox 589 2953 694 3014; x_wconf 86' lang='lat' dir='ltr'><em>Seculo</em></span> <span class='ocrx_word' id='word_1_235' title='bbox 706 2959 809 3013; x_wconf 88' lang='lat' dir='ltr'><em>octauo</em></span> <span class='ocrx_word' id='word_1_236' title='bbox 820 2971 887 3013; x_wconf 90' lang='lat' dir='ltr'><em>con·</em></span> 
     </span>
     <span class='ocr_line' id='line_1_30' title="bbox 169 3048 887 3131; baseline -0.01 -19"><span class='ocrx_word' id='word_1_237' title='bbox 169 3052 322 3131; x_wconf 80' lang='lat' dir='ltr'><em>scriptae„</em></span> <span class='ocrx_word' id='word_1_238' title='bbox 334 3069 372 3109; x_wconf 80' lang='lat' dir='ltr'><em>ex</em></span> <span class='ocrx_word' id='word_1_239' title='bbox 387 3049 497 3109; x_wconf 86' lang='lat' dir='ltr'><em>Codice</em></span> <span class='ocrx_word' id='word_1_240' title='bbox 511 3048 802 3119; x_wconf 80' lang='lat' dir='ltr'><em>HassoCassellano,</em></span> <span class='ocrx_word' id='word_1_241' title='bbox 817 3064 887 3106; x_wconf 91' lang='lat' dir='ltr'><em>cum</em></span> 
     </span>
     <span class='ocr_line' id='line_1_31' title="bbox 167 3139 889 3223; baseline -0.008 -20"><span class='ocrx_word' id='word_1_242' title='bbox 167 3144 418 3223; x_wconf 85' lang='lat' dir='ltr'><em>interpretatione</em></span> <span class='ocrx_word' id='word_1_243' title='bbox 435 3140 562 3200; x_wconf 87' lang='lat' dir='ltr'><em>editoris</em></span> <span class='ocrx_word' id='word_1_244' title='bbox 578 3146 609 3198; x_wconf 91' lang='lat' dir='ltr'><em>et</em></span> <span class='ocrx_word' id='word_1_245' title='bbox 625 3140 704 3198; x_wconf 88' lang='lat' dir='ltr'><em>notis</em></span> <span class='ocrx_word' id='word_1_246' title='bbox 718 3139 889 3216; x_wconf 87' lang='lat' dir='ltr'><em>praeclaris,</em></span> 
     </span>
     <span class='ocr_line' id='line_1_32' title="bbox 165 3230 891 3318; baseline -0.012 -21"><span class='ocrx_word' id='word_1_247' title='bbox 165 3258 195 3318; x_wconf 89' lang='lat' dir='ltr'><em>p.</em></span> <span class='ocrx_word' id='word_1_248' title='bbox 218 3239 277 3296; x_wconf 90' lang='grc'><em>864</em></span> <span class='ocrx_word' id='word_1_249' title='bbox 295 3239 342 3298; x_wconf 86' lang='grc'><em>44.</em></span> <span class='ocrx_word' id='word_1_250' title='bbox 356 3236 383 3295; x_wconf 87' lang='lat' dir='ltr'><em>l.</em></span> <span class='ocrx_word' id='word_1_251' title='bbox 412 3234 447 3294; x_wconf 94' lang='lat' dir='ltr'><em>G.</em></span> <span class='ocrx_word' id='word_1_252' title='bbox 472 3230 606 3292; x_wconf 84' lang='lat' dir='ltr'><em>Eccareli</em></span> <span class='ocrx_word' id='word_1_253' title='bbox 639 3231 891 3292; x_wconf 85' lang='lat' dir='ltr'><em>Commentatiun-</em></span> 
     </span>
     <span class='ocr_line' id='line_1_33' title="bbox 164 3323 884 3408; baseline -0.017 -16"><span class='ocrx_word' id='word_1_254' title='bbox 164 3330 234 3392; x_wconf 87' lang='lat' dir='ltr'><em>cula</em></span> <span class='ocrx_word' id='word_1_255' title='bbox 251 3331 287 3391; x_wconf 84' lang='lat' dir='ltr'><em>ele</em></span> <span class='ocrx_word' id='word_1_256' title='bbox 308 3328 459 3408; x_wconf 78' lang='lat' dir='ltr'><em>dnonpmo</em></span> <span class='ocrx_word' id='word_1_257' title='bbox 475 3329 658 3398; x_wconf 80' lang='lat' dir='ltr'><em>Rauennate,</em></span> <span class='ocrx_word' id='word_1_258' title='bbox 685 3323 810 3402; x_wconf 82' lang='lat' dir='ltr'><em>ejusque</em></span> <span class='ocrx_word' id='word_1_259' title='bbox 834 3338 884 3381; x_wconf 92' lang='lat' dir='ltr'><em>ae-</em></span> 
     </span>
     <span class='ocr_line' id='line_1_34' title="bbox 167 3417 890 3501; baseline -0.012 -17"><span class='ocrx_word' id='word_1_260' title='bbox 167 3429 248 3500; x_wconf 88' lang='lat' dir='ltr'><em>late,</em></span> <span class='ocrx_word' id='word_1_261' title='bbox 267 3425 379 3501; x_wconf 88' lang='lat' dir='ltr'><em>qnippe</em></span> <span class='ocrx_word' id='word_1_262' title='bbox 401 3439 492 3499; x_wconf 87' lang='lat' dir='ltr'><em>quem</em></span> <span class='ocrx_word' id='word_1_263' title='bbox 511 3424 600 3498; x_wconf 91' lang='lat' dir='ltr'><em>gente</em></span> <span class='ocrx_word' id='word_1_264' title='bbox 618 3417 761 3491; x_wconf 74' lang='lat' dir='ltr'><em>Gothum,</em></span> <span class='ocrx_word' id='word_1_265' title='bbox 778 3432 813 3476; x_wconf 92' lang='lat' dir='ltr'><em>ac</em></span> <span class='ocrx_word' id='word_1_266' title='bbox 836 3417 890 3476; x_wconf 89' lang='lat' dir='ltr'><em>Se·</em></span> 
     </span>
     <span class='ocr_line' id='line_1_35' title="bbox 167 3507 890 3593; baseline -0.019 -13"><span class='ocrx_word' id='word_1_267' title='bbox 167 3520 236 3580; x_wconf 90' lang='grc'><strong>0040</strong></span> <span class='ocrx_word' id='word_1_268' title='bbox 254 3519 316 3591; x_wconf 85' lang='lat' dir='ltr'><em>Vll,</em></span> <span class='ocrx_word' id='word_1_269' title='bbox 333 3517 458 3591; x_wconf 85' lang='lat' dir='ltr'><em>vixisse,</em></span> <span class='ocrx_word' id='word_1_270' title='bbox 476 3521 506 3575; x_wconf 92' lang='lat' dir='ltr'><em>et</em></span> <span class='ocrx_word' id='word_1_271' title='bbox 522 3513 585 3593; x_wconf 86' lang='lat' dir='ltr'><em>jam</em></span> <span class='ocrx_word' id='word_1_272' title='bbox 603 3509 813 3571; x_wconf 74' lang='grc'><strong>0040400000</strong></span> <span class='ocrx_word' id='word_1_273' title='bbox 831 3507 890 3567; x_wconf 86' lang='grc'><em>647</em></span> 
     </span>
     <span class='ocr_line' id='line_1_36' title="bbox 166 3604 888 3687; baseline -0.019 -13"><span class='ocrx_word' id='word_1_274' title='bbox 166 3630 223 3674; x_wconf 91' lang='lat' dir='ltr'><em>sua</em></span> <span class='ocrx_word' id='word_1_275' title='bbox 241 3611 482 3687; x_wconf 87' lang='lat' dir='ltr'><em>conscripsisse,</em></span> <span class='ocrx_word' id='word_1_276' title='bbox 500 3607 639 3679; x_wconf 85' lang='lat' dir='ltr'><em>evincit,</em></span> <span class='ocrx_word' id='word_1_277' title='bbox 666 3622 732 3683; x_wconf 88' lang='lat' dir='ltr'><em>pag.</em></span> <span class='ocrx_word' id='word_1_278' title='bbox 755 3604 814 3664; x_wconf 83' lang='grc'><em>909</em></span> <span class='ocrx_word' id='word_1_279' title='bbox 841 3604 888 3662; x_wconf 92' lang='grc'><em>45.</em></span> 
     </span>
     <span class='ocr_line' id='line_1_37' title="bbox 170 3695 887 3779; baseline -0.017 -12"><span class='ocrx_word' id='word_1_280' title='bbox 170 3705 235 3767; x_wconf 87' lang='lat' dir='ltr'><em>Vita</em></span> <span class='ocrx_word' id='word_1_281' title='bbox 255 3706 287 3765; x_wconf 88' lang='grc'><em>8.</em></span> <span class='ocrx_word' id='word_1_282' title='bbox 305 3699 537 3779; x_wconf 79' lang='lat' dir='ltr'><em>Chrodepanpi,</em></span> <span class='ocrx_word' id='word_1_283' title='bbox 562 3697 704 3778; x_wconf 82' lang='lat' dir='ltr'><em>Episcopi</em></span> <span class='ocrx_word' id='word_1_284' title='bbox 724 3695 887 3769; x_wconf 83' lang='lat' dir='ltr'><em>dleteasis,</em></span> 
     </span>
     <span class='ocr_line' id='line_1_38' title="bbox 167 3792 888 3869; baseline -0.017 -9"><span class='ocrx_word' id='word_1_285' title='bbox 167 3817 206 3860; x_wconf 87' lang='lat' dir='ltr'><em>ex</em></span> <span class='ocrx_word' id='word_1_286' title='bbox 224 3797 332 3860; x_wconf 90' lang='lat' dir='ltr'><em>Codice</em></span> <span class='ocrx_word' id='word_1_287' title='bbox 350 3795 450 3855; x_wconf 86' lang='lat' dir='ltr'><em>Secnli</em></span> <span class='ocrx_word' id='word_1_288' title='bbox 472 3795 539 3854; x_wconf 82' lang='lat' dir='ltr'><em>Xll.</em></span> <span class='ocrx_word' id='word_1_289' title='bbox 555 3792 802 3869; x_wconf 77' lang='lat' dir='ltr'><em>Guelferbymno,</em></span> <span class='ocrx_word' id='word_1_290' title='bbox 821 3807 888 3868; x_wconf 87' lang='lat' dir='ltr'><em>pag.</em></span> 
     </span>
     <span class='ocr_line' id='line_1_39' title="bbox 167 3882 890 3962; baseline -0.015 -9"><span class='ocrx_word' id='word_1_291' title='bbox 167 3892 228 3953; x_wconf 84' lang='grc'><em>949</em></span> <span class='ocrx_word' id='word_1_292' title='bbox 249 3892 296 3961; x_wconf 73' lang='lat' dir='ltr'><em>tc,</em></span> <span class='ocrx_word' id='word_1_293' title='bbox 315 3887 439 3962; x_wconf 88' lang='lat' dir='ltr'><em>Ottonis,</em></span> <span class='ocrx_word' id='word_1_294' title='bbox 457 3885 549 3946; x_wconf 84' lang='lat' dir='ltr'><em>lincis</em></span> <span class='ocrx_word' id='word_1_295' title='bbox 563 3882 805 3959; x_wconf 87' lang='lat' dir='ltr'><em>Brunsuieensis,</em></span> <span class='ocrx_word' id='word_1_296' title='bbox 823 3882 890 3942; x_wconf 85' lang='lat' dir='ltr'><em>Pri-</em></span> 
     </span>
     <span class='ocr_line' id='line_1_40' title="bbox 168 3978 890 4062; baseline -0.015 -16"><span class='ocrx_word' id='word_1_297' title='bbox 168 3982 322 4062; x_wconf 72' lang='grc'><strong>0440900,</strong></span> <span class='ocrx_word' id='word_1_298' title='bbox 333 3998 393 4060; x_wconf 90' lang='lat' dir='ltr'><em>quo</em></span> <span class='ocrx_word' id='word_1_299' title='bbox 412 3983 427 4039; x_wconf 85' lang='lat' dir='ltr'>J</span> <span class='ocrx_word' id='word_1_300' title='bbox 433 3997 469 4041; x_wconf 90' lang='lat' dir='ltr'><em>ns</em></span> <span class='ocrx_word' id='word_1_301' title='bbox 480 3982 663 4040; x_wconf 90' lang='lat' dir='ltr'><em>Francorum</em></span> <span class='ocrx_word' id='word_1_302' title='bbox 678 3979 792 4037; x_wconf 89' lang='lat' dir='ltr'><em>civitati</em></span> <span class='ocrx_word' id='word_1_303' title='bbox 807 3978 890 4037; x_wconf 84' lang='lat' dir='ltr'><em>biun-</em></span> 
     </span>
     <span class='ocr_line' id='line_1_41' title="bbox 169 4071 669 4150; baseline -0.016 -13"><span class='ocrx_word' id='word_1_304' title='bbox 169 4077 273 4150; x_wconf 88' lang='lat' dir='ltr'><em>densi,</em></span> <span class='ocrx_word' id='word_1_305' title='bbox 295 4075 501 4135; x_wconf 85' lang='lat' dir='ltr'><em>confirmatur.</em></span> <span class='ocrx_word' id='word_1_306' title='bbox 517 4090 582 4150; x_wconf 86' lang='lat' dir='ltr'><em>pag.</em></span> <span class='ocrx_word' id='word_1_307' title='bbox 602 4071 669 4131; x_wconf 87' lang='grc'><strong>930.</strong></span> 
     </span>
    </p>

    <p class='ocr_par' dir='ltr' id='par_1_5' title="bbox 116 4162 892 4897">
     <span class='ocr_line' id='line_1_42' title="bbox 210 4162 892 4247; baseline -0.015 -16"><span class='ocrx_word' id='word_1_308' title='bbox 210 4175 303 4231; x_wconf 89' lang='lat' dir='ltr'><em>Tomo</em></span> <span class='ocrx_word' id='word_1_309' title='bbox 320 4168 477 4247; x_wconf 88' lang='lat' dir='ltr'><em>posteriori</em></span> <span class='ocrx_word' id='word_1_310' title='bbox 495 4187 501 4224; x_wconf 80' lang='lat' dir='ltr'><em>z</em></span> <span class='ocrx_word' id='word_1_311' title='bbox 522 4168 549 4226; x_wconf 90' lang='grc'><em>4.</em></span> <span class='ocrx_word' id='word_1_312' title='bbox 577 4162 748 4245; x_wconf 86' lang='lat' dir='ltr'><em>Biplomola</em></span> <span class='ocrx_word' id='word_1_313' title='bbox 780 4163 892 4224; x_wconf 86' lang='lat' dir='ltr'><em>iVirce-</em></span> 
     </span>
     <span class='ocr_line' id='line_1_43' title="bbox 172 4257 888 4343; baseline -0.013 -19"><span class='ocrx_word' id='word_1_314' title='bbox 172 4262 351 4343; x_wconf 75' lang='lat' dir='ltr'><em>burgensis,</em></span> <span class='ocrx_word' id='word_1_315' title='bbox 375 4261 423 4320; x_wconf 91' lang='lat' dir='ltr'><em>ubi</em></span> <span class='ocrx_word' id='word_1_316' title='bbox 441 4257 607 4321; x_wconf 87' lang='lat' dir='ltr'><em>Schannati</em></span> <span class='ocrx_word' id='word_1_317' title='bbox 620 4302 627 4333; x_wconf 92' lang='lat'><em>,</em></span> <span class='ocrx_word' id='word_1_318' title='bbox 653 4257 810 4319; x_wconf 84' lang='lat' dir='ltr'><em>Fuldeusis</em></span> <span class='ocrx_word' id='word_1_319' title='bbox 840 4258 888 4316; x_wconf 89' lang='grc'><strong>444-</strong></span> 
     </span>
     <span class='ocr_line' id='line_1_44' title="bbox 169 4352 891 4435; baseline -0.019 -13"><span class='ocrx_word' id='word_1_320' title='bbox 169 4356 378 4435; x_wconf 85' lang='lat' dir='ltr'><em>storiographi,</em></span> <span class='ocrx_word' id='word_1_321' title='bbox 397 4370 514 4413; x_wconf 90' lang='lat' dir='ltr'><em>errores</em></span> <span class='ocrx_word' id='word_1_322' title='bbox 531 4354 592 4413; x_wconf 91' lang='lat' dir='ltr'><em>acri</em></span> <span class='ocrx_word' id='word_1_323' title='bbox 606 4353 669 4412; x_wconf 89' lang='lat' dir='ltr'><em>sale</em></span> <span class='ocrx_word' id='word_1_324' title='bbox 683 4352 891 4430; x_wconf 86' lang='lat' dir='ltr'><em>perstringun-</em></span> 
     </span>
     <span class='ocr_line' id='line_1_45' title="bbox 169 4443 890 4530; baseline -0.015 -18"><span class='ocrx_word' id='word_1_325' title='bbox 169 4462 229 4514; x_wconf 92' lang='lat' dir='ltr'><em>tur.</em></span> <span class='ocrx_word' id='word_1_326' title='bbox 255 4469 320 4530; x_wconf 90' lang='lat' dir='ltr'><em>pag</em></span> <span class='ocrx_word' id='word_1_327' title='bbox 345 4449 404 4509; x_wconf 88' lang='grc'><strong>803</strong></span> <span class='ocrx_word' id='word_1_328' title='bbox 422 4447 527 4506; x_wconf 91' lang='grc'><strong>8709.</strong></span> <span class='ocrx_word' id='word_1_329' title='bbox 556 4444 710 4524; x_wconf 81' lang='lat' dir='ltr'><em>specimen</em></span> <span class='ocrx_word' id='word_1_330' title='bbox 735 4443 890 4505; x_wconf 80' lang='lat' dir='ltr'><em>Breviorii</em></span> 
     </span>
     <span class='ocr_line' id='line_1_46' title="bbox 171 4536 887 4616; baseline -0.007 -14"><span class='ocrx_word' id='word_1_331' title='bbox 171 4561 279 4604; x_wconf 82' lang='lat' dir='ltr'><em>rerum</em></span> <span class='ocrx_word' id='word_1_332' title='bbox 294 4543 318 4602; x_wconf 87' lang='grc'><em>8</em></span> <span class='ocrx_word' id='word_1_333' title='bbox 321 4539 460 4603; x_wconf 80' lang='grc'><strong>00004000</strong></span> <span class='ocrx_word' id='word_1_334' title='bbox 481 4536 588 4601; x_wconf 89' lang='lat' dir='ltr'><em>Caroli</em></span> <span class='ocrx_word' id='word_1_335' title='bbox 607 4537 727 4616; x_wconf 75' lang='grc'><strong>04409004,</strong></span> <span class='ocrx_word' id='word_1_336' title='bbox 745 4554 805 4598; x_wconf 88' lang='grc'><em>000</em></span> <span class='ocrx_word' id='word_1_337' title='bbox 819 4555 887 4599; x_wconf 91' lang='lat' dir='ltr'><em>cum</em></span> 
     </span>
     <span class='ocr_line' id='line_1_47' title="bbox 171 4631 890 4716; baseline -0.009 -22"><span class='ocrx_word' id='word_1_338' title='bbox 171 4644 182 4694; x_wconf 87' lang='lat' dir='ltr'><em>t</em></span> <span class='ocrx_word' id='word_1_339' title='bbox 183 4635 346 4716; x_wconf 74' lang='lat' dir='ltr'><em>J&#39;apttulori</em></span> <span class='ocrx_word' id='word_1_340' title='bbox 358 4634 394 4695; x_wconf 88' lang='lat' dir='ltr'><em>de</em></span> <span class='ocrx_word' id='word_1_341' title='bbox 407 4631 488 4695; x_wconf 85' lang='lat' dir='ltr'><em>eillis</em></span> <span class='ocrx_word' id='word_1_342' title='bbox 500 4649 538 4692; x_wconf 83' lang='lat' dir='ltr'><em>ex</em></span> <span class='ocrx_word' id='word_1_343' title='bbox 554 4631 890 4691; x_wconf 86' lang='lat' dir='ltr'><em>Codieelielmstadien-</em></span> 
     </span>
     <span class='ocr_line' id='line_1_48' title="bbox 171 4722 888 4808; baseline -0.011 -17"><span class='ocrx_word' id='word_1_344' title='bbox 171 4736 196 4792; x_wconf 86' lang='lat' dir='ltr'><em>si</em></span> <span class='ocrx_word' id='word_1_345' title='bbox 199 4748 289 4808; x_wconf 86' lang='lat' dir='ltr'><em>,g.pa</em></span> <span class='ocrx_word' id='word_1_346' title='bbox 306 4730 407 4790; x_wconf 83' lang='grc'><strong>9093</strong></span> <span class='ocrx_word' id='word_1_347' title='bbox 424 4724 556 4787; x_wconf 79' lang='lat' dir='ltr'><em>Annlrles</em></span> <span class='ocrx_word' id='word_1_348' title='bbox 573 4722 679 4785; x_wconf 76' lang='lat' dir='ltr'><em>bream</em></span> <span class='ocrx_word' id='word_1_349' title='bbox 691 4722 888 4792; x_wconf 73' lang='lat' dir='ltr'><em>Calontenses</em></span> 
     </span>
     <span class='ocr_line' id='line_1_49' title="bbox 116 4820 886 4897; baseline -0.017 -8"><span class='ocrx_word' id='word_1_350' title='bbox 116 4863 121 4871; x_wconf 49' lang='grc' dir='ltr'><em>ι</em></span> <span class='ocrx_word' id='word_1_351' title='bbox 170 4847 206 4888; x_wconf 84' lang='lat' dir='ltr'><em>ex</em></span> <span class='ocrx_word' id='word_1_352' title='bbox 224 4828 305 4885; x_wconf 85' lang='lat' dir='ltr'><em>thto</em></span> <span class='ocrx_word' id='word_1_353' title='bbox 323 4822 506 4882; x_wconf 82' lang='lat' dir='ltr'><em>Bibliotheca</em></span> <span class='ocrx_word' id='word_1_354' title='bbox 524 4823 647 4897; x_wconf 82' lang='lat' dir='ltr'><em>hietrop</em></span> <span class='ocrx_word' id='word_1_355' title='bbox 661 4820 810 4895; x_wconf 79' lang='lat' dir='ltr'><em>Coloniae,</em></span> <span class='ocrx_word' id='word_1_356' title='bbox 821 4835 886 4897; x_wconf 89' lang='lat' dir='ltr'><em>pag.</em></span> 
     </span>
    </p>
   </div>
   <div class='ocr_carea' id='block_1_5' title="bbox 918 3323 1435 3399">
    <p class='ocr_par' dir='ltr' id='par_1_6' title="bbox 918 3323 1435 3399">
     <span class='ocr_line' id='line_1_50' title="bbox 918 3323 1435 3399; baseline 0.008 -15"><span class='ocrx_word' id='word_1_357' title='bbox 918 3323 1077 3385; x_wconf 84' lang='lat' dir='ltr'><em>&#39;nationis</em></span> <span class='ocrx_word' id='word_1_358' title='bbox 1113 3327 1229 3385; x_wconf 87' lang='lat' dir='ltr'><em>Domini</em></span> <span class='ocrx_word' id='word_1_359' title='bbox 1265 3328 1435 3399; x_wconf 85' lang='lat' dir='ltr'><em>DCCXlV,</em></span> 
     </span>
    </p>
   </div>
   <div class='ocr_carea' id='block_1_6' title="bbox 939 1647 1674 4895">
    <p class='ocr_par' dir='ltr' id='par_1_7' title="bbox 939 1647 1674 2475">
     <span class='ocr_line' id='line_1_51' title="bbox 941 1647 1659 1725; baseline -0.006 -17"><span class='ocrx_word' id='word_1_360' title='bbox 941 1649 1129 1708; x_wconf 89' lang='lat' dir='ltr'><em>Catbedralis</em></span> <span class='ocrx_word' id='word_1_361' title='bbox 1148 1647 1431 1725; x_wconf 83' lang='lat' dir='ltr'><em>wirceburgensis,</em></span> <span class='ocrx_word' id='word_1_362' title='bbox 1450 1665 1514 1725; x_wconf 89' lang='lat' dir='ltr'><em>pag.</em></span> <span class='ocrx_word' id='word_1_363' title='bbox 1533 1647 1593 1709; x_wconf 94' lang='grc'><em>977</em></span> <span class='ocrx_word' id='word_1_364' title='bbox 1611 1648 1659 1710; x_wconf 82' lang='grc'><em>49.</em></span> 
     </span>
     <span class='ocr_line' id='line_1_52' title="bbox 942 1740 1657 1819; baseline -0.004 -18"><span class='ocrx_word' id='word_1_365' title='bbox 942 1741 1065 1801; x_wconf 87' lang='lat' dir='ltr'><em>Glossae</em></span> <span class='ocrx_word' id='word_1_366' title='bbox 1081 1740 1292 1816; x_wconf 83' lang='lat' dir='ltr'><em>Florentinae,</em></span> <span class='ocrx_word' id='word_1_367' title='bbox 1310 1759 1346 1800; x_wconf 86' lang='lat' dir='ltr'><em>ex</em></span> <span class='ocrx_word' id='word_1_368' title='bbox 1365 1741 1548 1803; x_wconf 86' lang='lat' dir='ltr'><em>Bibliotheca</em></span> <span class='ocrx_word' id='word_1_369' title='bbox 1561 1743 1657 1819; x_wconf 73' lang='lat' dir='ltr'><em>Magni</em></span> 
     </span>
     <span class='ocr_line' id='line_1_53' title="bbox 941 1833 1660 1913; baseline -0.003 -18"><span class='ocrx_word' id='word_1_370' title='bbox 941 1837 1052 1911; x_wconf 88' lang='lat' dir='ltr'><em>Bacis,</em></span> <span class='ocrx_word' id='word_1_371' title='bbox 1071 1853 1135 1913; x_wconf 90' lang='lat' dir='ltr'><em>pag.</em></span> <span class='ocrx_word' id='word_1_372' title='bbox 1154 1836 1226 1894; x_wconf 91' lang='grc'><strong>984.</strong></span> <span class='ocrx_word' id='word_1_373' title='bbox 1243 1833 1431 1895; x_wconf 88' lang='lat' dir='ltr'><em>Glossarium</em></span> <span class='ocrx_word' id='word_1_374' title='bbox 1448 1833 1660 1895; x_wconf 82' lang='lat' dir='ltr'><em>Latino-Theo—</em></span> 
     </span>
     <span class='ocr_line' id='line_1_54' title="bbox 940 1927 1661 2006; baseline 0.001 -18"><span class='ocrx_word' id='word_1_375' title='bbox 940 1929 1066 2006; x_wconf 78' lang='lat' dir='ltr'><em>timum,</em></span> <span class='ocrx_word' id='word_1_376' title='bbox 1087 1947 1124 1988; x_wconf 88' lang='lat' dir='ltr'><em>ex</em></span> <span class='ocrx_word' id='word_1_377' title='bbox 1153 1927 1264 1988; x_wconf 90' lang='lat' dir='ltr'><em>Codice</em></span> <span class='ocrx_word' id='word_1_378' title='bbox 1293 1927 1493 1988; x_wconf 86' lang='lat' dir='ltr'><em>Bibliothecae</em></span> <span class='ocrx_word' id='word_1_379' title='bbox 1515 1928 1661 1989; x_wconf 78' lang='grc'><strong>440004000-</strong></span> 
     </span>
     <span class='ocr_line' id='line_1_55' title="bbox 939 2019 1660 2102; baseline -0.008 -18"><span class='ocrx_word' id='word_1_380' title='bbox 939 2025 1042 2102; x_wconf 91' lang='lat' dir='ltr'><em>gensis</em></span> <span class='ocrx_word' id='word_1_381' title='bbox 1059 2024 1125 2084; x_wconf 89' lang='grc'><strong>800.</strong></span> <span class='ocrx_word' id='word_1_382' title='bbox 1144 2024 1181 2082; x_wconf 84' lang='lat' dir='ltr'><em>X.</em></span> <span class='ocrx_word' id='word_1_383' title='bbox 1200 2039 1257 2100; x_wconf 85' lang='lat' dir='ltr'><em>pag</em></span> <span class='ocrx_word' id='word_1_384' title='bbox 1275 2022 1329 2081; x_wconf 90' lang='grc'><em>984</em></span> <span class='ocrx_word' id='word_1_385' title='bbox 1352 2022 1400 2081; x_wconf 91' lang='grc'><em>44.</em></span> <span class='ocrx_word' id='word_1_386' title='bbox 1421 2019 1546 2088; x_wconf 88' lang='lat' dir='ltr'><em>Glossae</em></span> <span class='ocrx_word' id='word_1_387' title='bbox 1573 2019 1660 2080; x_wconf 46' lang='lat' dir='ltr'><em>Theo*</em></span> 
     </span>
     <span class='ocr_line' id='line_1_56' title="bbox 941 2112 1659 2192; baseline -0.004 -14"><span class='ocrx_word' id='word_1_388' title='bbox 941 2119 1084 2192; x_wconf 70' lang='lat' dir='ltr'><em>tisanam</em></span> <span class='ocrx_word' id='word_1_389' title='bbox 1101 2116 1199 2177; x_wconf 86' lang='lat' dir='ltr'><em>Bedae</em></span> <span class='ocrx_word' id='word_1_390' title='bbox 1211 2124 1310 2176; x_wconf 88' lang='lat' dir='ltr'><em>artem</em></span> <span class='ocrx_word' id='word_1_391' title='bbox 1327 2118 1492 2189; x_wconf 87' lang='lat' dir='ltr'><em>metricam,</em></span> <span class='ocrx_word' id='word_1_392' title='bbox 1502 2131 1538 2174; x_wconf 81' lang='lat' dir='ltr'><em>ex</em></span> <span class='ocrx_word' id='word_1_393' title='bbox 1551 2112 1659 2177; x_wconf 85' lang='lat' dir='ltr'><em>Codice</em></span> 
     </span>
     <span class='ocr_line' id='line_1_57' title="bbox 941 2208 1658 2272; baseline -0.007 -1"><span class='ocrx_word' id='word_1_394' title='bbox 941 2210 1111 2272; x_wconf 85' lang='lat' dir='ltr'><em>Goldastino</em></span> <span class='ocrx_word' id='word_1_395' title='bbox 1129 2210 1330 2271; x_wconf 81' lang='lat' dir='ltr'><em>bibliothecae</em></span> <span class='ocrx_word' id='word_1_396' title='bbox 1352 2210 1526 2270; x_wconf 83' lang='lat' dir='ltr'><em>brumensis</em></span> <span class='ocrx_word' id='word_1_397' title='bbox 1543 2208 1609 2270; x_wconf 90' lang='lat' dir='ltr'><em>Sec.</em></span> <span class='ocrx_word' id='word_1_398' title='bbox 1620 2209 1658 2268; x_wconf 86' lang='lat' dir='ltr'><em>X.</em></span> 
     </span>
     <span class='ocr_line' id='line_1_58' title="bbox 939 2301 1674 2383; baseline 0.001 -18"><span class='ocrx_word' id='word_1_399' title='bbox 939 2323 1005 2383; x_wconf 90' lang='lat' dir='ltr'><em>pag.</em></span> <span class='ocrx_word' id='word_1_400' title='bbox 1024 2304 1102 2365; x_wconf 87' lang='grc'><strong>4009</strong></span> <span class='ocrx_word' id='word_1_401' title='bbox 1120 2306 1166 2364; x_wconf 94' lang='grc'><em>45.</em></span> <span class='ocrx_word' id='word_1_402' title='bbox 1186 2301 1309 2363; x_wconf 84' lang='lat' dir='ltr'><em>Glossae</em></span> <span class='ocrx_word' id='word_1_403' title='bbox 1326 2301 1513 2377; x_wconf 85' lang='lat' dir='ltr'><em>Theotiscae,</em></span> <span class='ocrx_word' id='word_1_404' title='bbox 1540 2318 1579 2363; x_wconf 85' lang='lat' dir='ltr'><em>ex</em></span> <span class='ocrx_word' id='word_1_405' title='bbox 1600 2301 1674 2383; x_wconf 69' lang='lat' dir='ltr'><em>se,</em></span> 
     </span>
     <span class='ocr_line' id='line_1_59' title="bbox 941 2396 1659 2475; baseline -0.006 -16"><span class='ocrx_word' id='word_1_406' title='bbox 941 2399 1062 2459; x_wconf 89' lang='lat' dir='ltr'><em>neriano</em></span> <span class='ocrx_word' id='word_1_407' title='bbox 1072 2397 1223 2457; x_wconf 89' lang='lat' dir='ltr'><em>Prudentii</em></span> <span class='ocrx_word' id='word_1_408' title='bbox 1232 2397 1342 2457; x_wconf 89' lang='lat' dir='ltr'><em>Codice</em></span> <span class='ocrx_word' id='word_1_409' title='bbox 1355 2397 1422 2457; x_wconf 91' lang='grc'><strong>800.</strong></span> <span class='ocrx_word' id='word_1_410' title='bbox 1435 2398 1487 2456; x_wconf 86' lang='grc'><strong>444.</strong></span> <span class='ocrx_word' id='word_1_411' title='bbox 1500 2396 1659 2475; x_wconf 55' lang='grc'><strong>0004003.</strong></span> 
     </span>
    </p>

    <p class='ocr_par' dir='ltr' id='par_1_8' title="bbox 941 2489 1662 3201">
     <span class='ocr_line' id='line_1_60' title="bbox 982 2489 1660 2552; baseline -0.001 -1"><span class='ocrx_word' id='word_1_412' title='bbox 982 2489 1067 2551; x_wconf 85' lang='lat' dir='ltr'><em>Petri</em></span> <span class='ocrx_word' id='word_1_413' title='bbox 1083 2491 1233 2551; x_wconf 83' lang='lat' dir='ltr'>VITHOEV</span> <span class='ocrx_word' id='word_1_414' title='bbox 1256 2491 1420 2552; x_wconf 80' lang='lat' dir='ltr'><em>Annalium</em></span> <span class='ocrx_word' id='word_1_415' title='bbox 1444 2498 1474 2551; x_wconf 87' lang='lat' dir='ltr'><em>et</em></span> <span class='ocrx_word' id='word_1_416' title='bbox 1501 2491 1660 2551; x_wconf 82' lang='lat' dir='ltr'><em>ilistorico·</em></span> 
     </span>
     <span class='ocr_line' id='line_1_61' title="bbox 941 2580 1660 2645; baseline -0.001 -2"><span class='ocrx_word' id='word_1_417' title='bbox 941 2601 1008 2644; x_wconf 88' lang='lat' dir='ltr'><em>rum</em></span> <span class='ocrx_word' id='word_1_418' title='bbox 1024 2580 1255 2645; x_wconf 78' lang='lat' dir='ltr'><em>FBANCOBUM</em></span> <span class='ocrx_word' id='word_1_419' title='bbox 1273 2585 1311 2643; x_wconf 93' lang='lat' dir='ltr'><em>ab</em></span> <span class='ocrx_word' id='word_1_420' title='bbox 1332 2581 1389 2644; x_wconf 84' lang='grc'><strong>440.</strong></span> <span class='ocrx_word' id='word_1_421' title='bbox 1408 2584 1525 2645; x_wconf 86' lang='lat' dir='ltr'><em>CHristi</em></span> <span class='ocrx_word' id='word_1_422' title='bbox 1543 2582 1602 2644; x_wconf 92' lang='grc'><em>708</em></span> <span class='ocrx_word' id='word_1_423' title='bbox 1622 2581 1660 2642; x_wconf 87' lang='grc'><em>00</em></span> 
     </span>
     <span class='ocr_line' id='line_1_62' title="bbox 941 2676 1661 2755; baseline 0.003 -20"><span class='ocrx_word' id='word_1_424' title='bbox 941 2678 1062 2737; x_wconf 76' lang='lat' dir='ltr'><em>hunum</em></span> <span class='ocrx_word' id='word_1_425' title='bbox 1082 2677 1151 2735; x_wconf 90' lang='grc'><strong>990.</strong></span> <span class='ocrx_word' id='word_1_426' title='bbox 1169 2676 1341 2755; x_wconf 85' lang='lat' dir='ltr'><em>Scriptores</em></span> <span class='ocrx_word' id='word_1_427' title='bbox 1358 2678 1512 2737; x_wconf 88' lang='lat' dir='ltr'><em>coaetanei</em></span> <span class='ocrx_word' id='word_1_428' title='bbox 1524 2677 1590 2738; x_wconf 85' lang='grc'><strong>4444.</strong></span> <span class='ocrx_word' id='word_1_429' title='bbox 1607 2679 1661 2737; x_wconf 89' lang='lat' dir='ltr'><em>Pa-</em></span> 
     </span>
     <span class='ocr_line' id='line_1_63' title="bbox 941 2768 1660 2849; baseline -0.001 -19"><span class='ocrx_word' id='word_1_430' title='bbox 941 2772 1021 2831; x_wconf 91' lang='lat' dir='ltr'><em>risiis</em></span> <span class='ocrx_word' id='word_1_431' title='bbox 1051 2771 1148 2843; x_wconf 90' lang='grc'><strong>4588,</strong></span> <span class='ocrx_word' id='word_1_432' title='bbox 1166 2777 1197 2830; x_wconf 85' lang='grc'><em>04</em></span> <span class='ocrx_word' id='word_1_433' title='bbox 1223 2772 1409 2832; x_wconf 79' lang='grc'><strong>8000004004</strong></span> <span class='ocrx_word' id='word_1_434' title='bbox 1426 2774 1509 2849; x_wconf 85' lang='lat' dir='ltr'><em>typis</em></span> <span class='ocrx_word' id='word_1_435' title='bbox 1526 2768 1660 2832; x_wconf 79' lang='lat' dir='ltr'><em>wachel.</em></span> 
     </span>
     <span class='ocr_line' id='line_1_64' title="bbox 941 2863 1648 2941; baseline 0.001 -17"><span class='ocrx_word' id='word_1_436' title='bbox 941 2865 1039 2940; x_wconf 86' lang='grc'><strong>4594,</strong></span> <span class='ocrx_word' id='word_1_437' title='bbox 1057 2863 1084 2921; x_wconf 91' lang='lat'><em>8.</em></span> <span class='ocrx_word' id='word_1_438' title='bbox 1103 2865 1171 2922; x_wconf 88' lang='lat' dir='ltr'><em>Post</em></span> <span class='ocrx_word' id='word_1_439' title='bbox 1190 2865 1387 2941; x_wconf 88' lang='lat' dir='ltr'><em>praemissam</em></span> <span class='ocrx_word' id='word_1_440' title='bbox 1409 2881 1447 2923; x_wconf 80' lang='lat' dir='ltr'><em>ex</em></span> <span class='ocrx_word' id='word_1_441' title='bbox 1465 2864 1589 2941; x_wconf 84' lang='lat' dir='ltr'><em>antiquo</em></span> <span class='ocrx_word' id='word_1_442' title='bbox 1606 2863 1648 2925; x_wconf 87' lang='lat' dir='ltr'><em>Co</em></span> 
     </span>
     <span class='ocr_line' id='line_1_65' title="bbox 941 2954 1660 3032; baseline -0.001 -17"><span class='ocrx_word' id='word_1_443' title='bbox 941 2955 1006 3015; x_wconf 91' lang='lat' dir='ltr'><em>dice</em></span> <span class='ocrx_word' id='word_1_444' title='bbox 1045 2958 1131 3032; x_wconf 85' lang='lat' dir='ltr'><em>Legis</em></span> <span class='ocrx_word' id='word_1_445' title='bbox 1162 2957 1300 3030; x_wconf 87' lang='lat' dir='ltr'><em>Saliene,</em></span> <span class='ocrx_word' id='word_1_446' title='bbox 1330 2954 1451 3017; x_wconf 77' lang='grc'><strong>000000</strong></span> <span class='ocrx_word' id='word_1_447' title='bbox 1480 2954 1660 3017; x_wconf 79' lang='grc'><strong>0040440000</strong></span> 
     </span>
     <span class='ocr_line' id='line_1_66' title="bbox 944 3046 1662 3110; baseline 0 -2"><span class='ocrx_word' id='word_1_448' title='bbox 944 3046 1125 3108; x_wconf 81' lang='grc'><strong>0400000000</strong></span> <span class='ocrx_word' id='word_1_449' title='bbox 1141 3049 1178 3107; x_wconf 91' lang='lat' dir='ltr'><em>ab</em></span> <span class='ocrx_word' id='word_1_450' title='bbox 1195 3048 1252 3108; x_wconf 89' lang='lat' dir='ltr'><em>An.</em></span> <span class='ocrx_word' id='word_1_451' title='bbox 1271 3050 1329 3109; x_wconf 88' lang='grc'><strong>697</strong></span> <span class='ocrx_word' id='word_1_452' title='bbox 1346 3049 1383 3108; x_wconf 90' lang='grc'><em>004</em></span> <span class='ocrx_word' id='word_1_453' title='bbox 1402 3049 1460 3110; x_wconf 91' lang='grc'><em>743</em></span> <span class='ocrx_word' id='word_1_454' title='bbox 1479 3051 1507 3107; x_wconf 88' lang='grc'><em>40</em></span> <span class='ocrx_word' id='word_1_455' title='bbox 1526 3049 1582 3108; x_wconf 90' lang='lat' dir='ltr'><em>hoc</em></span> <span class='ocrx_word' id='word_1_456' title='bbox 1609 3065 1662 3108; x_wconf 90' lang='lat' dir='ltr'><em>vn-</em></span> 
     </span>
     <span class='ocr_line' id='line_1_67' title="bbox 944 3140 1285 3201; baseline 0.003 -3"><span class='ocrx_word' id='word_1_457' title='bbox 944 3140 1057 3200; x_wconf 90' lang='lat' dir='ltr'><em>lnminc</em></span> <span class='ocrx_word' id='word_1_458' title='bbox 1072 3141 1285 3201; x_wconf 88' lang='lat' dir='ltr'><em>continentur:</em></span> 
     </span>
    </p>

    <p class='ocr_par' dir='ltr' id='par_1_9' title="bbox 943 3230 1666 3776">
     <span class='ocr_line' id='line_1_68' title="bbox 984 3230 1665 3295; baseline 0.001 -6"><span class='ocrx_word' id='word_1_459' title='bbox 984 3233 1006 3290; x_wconf 96' lang='grc'><em>4.</em></span> <span class='ocrx_word' id='word_1_460' title='bbox 1028 3230 1161 3292; x_wconf 81' lang='lat' dir='ltr'><em>Arinates</em></span> <span class='ocrx_word' id='word_1_461' title='bbox 1179 3232 1407 3295; x_wconf 80' lang='lat' dir='ltr'><em>FBdh&#39;COBUM</em></span> <span class='ocrx_word' id='word_1_462' title='bbox 1425 3233 1462 3293; x_wconf 89' lang='lat' dir='ltr'><em>ab</em></span> <span class='ocrx_word' id='word_1_463' title='bbox 1479 3249 1558 3293; x_wconf 88' lang='lat' dir='ltr'><em>anno</em></span> <span class='ocrx_word' id='word_1_464' title='bbox 1569 3232 1665 3293; x_wconf 87' lang='lat' dir='ltr'><em>incar-</em></span> 
     </span>
     <span class='ocr_line' id='line_1_69' title="bbox 1473 3325 1664 3386; baseline -0.005 -1"><span class='ocrx_word' id='word_1_465' title='bbox 1473 3325 1509 3385; x_wconf 90' lang='lat' dir='ltr'><em>ad</em></span> <span class='ocrx_word' id='word_1_466' title='bbox 1550 3341 1664 3386; x_wconf 90' lang='lat' dir='ltr'><em>annum</em></span> 
     </span>
     <span class='ocr_line' id='line_1_70' title="bbox 943 3416 1664 3496; baseline -0.004 -17"><span class='ocrx_word' id='word_1_467' title='bbox 943 3419 1207 3479; x_wconf 85' lang='lat' dir='ltr'><em>DCCCLXXXlll.</em></span> <span class='ocrx_word' id='word_1_468' title='bbox 1236 3420 1430 3496; x_wconf 83' lang='lat' dir='ltr'><em>Magantiae,</em></span> <span class='ocrx_word' id='word_1_469' title='bbox 1457 3425 1493 3477; x_wconf 93' lang='grc'><em>04</em></span> <span class='ocrx_word' id='word_1_470' title='bbox 1519 3416 1664 3489; x_wconf 82' lang='lat' dir='ltr'><em>videtur,</em></span> 
     </span>
     <span class='ocr_line' id='line_1_71' title="bbox 944 3511 1665 3588; baseline -0.003 -18"><span class='ocrx_word' id='word_1_471' title='bbox 944 3511 1001 3571; x_wconf 90' lang='lat' dir='ltr'><em>sub</em></span> <span class='ocrx_word' id='word_1_472' title='bbox 1018 3511 1130 3572; x_wconf 90' lang='lat' dir='ltr'><em>ditione</em></span> <span class='ocrx_word' id='word_1_473' title='bbox 1145 3511 1275 3572; x_wconf 90' lang='lat' dir='ltr'><em>Letharii</em></span> <span class='ocrx_word' id='word_1_474' title='bbox 1293 3520 1323 3585; x_wconf 86' lang='lat' dir='ltr'><em>et</em></span> <span class='ocrx_word' id='word_1_475' title='bbox 1345 3511 1488 3572; x_wconf 82' lang='lat' dir='ltr'><em>hudovici</em></span> <span class='ocrx_word' id='word_1_476' title='bbox 1504 3512 1576 3588; x_wconf 85' lang='lat' dir='ltr'><em>biii,</em></span> <span class='ocrx_word' id='word_1_477' title='bbox 1592 3512 1665 3571; x_wconf 89' lang='lat' dir='ltr'><em>scri·</em></span> 
     </span>
     <span class='ocr_line' id='line_1_72' title="bbox 944 3603 1666 3683; baseline -0.003 -20"><span class='ocrx_word' id='word_1_478' title='bbox 944 3607 986 3683; x_wconf 88' lang='lat' dir='ltr'><em>pti</em></span> <span class='ocrx_word' id='word_1_479' title='bbox 1009 3606 1197 3683; x_wconf 89' lang='lat' dir='ltr'><em>temporibus</em></span> <span class='ocrx_word' id='word_1_480' title='bbox 1218 3605 1352 3666; x_wconf 85' lang='lat' dir='ltr'><em>Rhabani</em></span> <span class='ocrx_word' id='word_1_481' title='bbox 1375 3608 1483 3680; x_wconf 82' lang='lat' dir='ltr'><em>Mauri,</em></span> <span class='ocrx_word' id='word_1_482' title='bbox 1511 3603 1666 3682; x_wconf 69' lang='lat' dir='ltr'><em>archicpi-</em></span> 
     </span>
     <span class='ocr_line' id='line_1_73' title="bbox 944 3699 1185 3776; baseline 0.004 -18"><span class='ocrx_word' id='word_1_483' title='bbox 944 3699 1045 3776; x_wconf 91' lang='lat' dir='ltr'><em>scopi,</em></span> <span class='ocrx_word' id='word_1_484' title='bbox 1072 3715 1137 3776; x_wconf 88' lang='lat' dir='ltr'><em>pag.</em></span> <span class='ocrx_word' id='word_1_485' title='bbox 1159 3701 1185 3760; x_wconf 92' lang='grc'><em>4.</em></span> 
     </span>
    </p>

    <p class='ocr_par' dir='ltr' id='par_1_10' title="bbox 944 3788 1666 4240">
     <span class='ocr_line' id='line_1_74' title="bbox 985 3788 1666 3869; baseline 0.012 -20"><span class='ocrx_word' id='word_1_486' title='bbox 985 3792 1019 3849; x_wconf 96' lang='grc'><em>44.</em></span> <span class='ocrx_word' id='word_1_487' title='bbox 1038 3788 1212 3853; x_wconf 83' lang='lat' dir='ltr'><em>Frodoardi</em></span> <span class='ocrx_word' id='word_1_488' title='bbox 1238 3791 1407 3869; x_wconf 82' lang='lat' dir='ltr'><em>Presbyteri</em></span> <span class='ocrx_word' id='word_1_489' title='bbox 1432 3793 1587 3854; x_wconf 87' lang='lat' dir='ltr'><em>Ecclesiae</em></span> <span class='ocrx_word' id='word_1_490' title='bbox 1609 3796 1666 3857; x_wconf 81' lang='grc'><strong>440-</strong></span> 
     </span>
     <span class='ocr_line' id='line_1_75' title="bbox 944 3883 1664 3960; baseline 0.01 -18"><span class='ocrx_word' id='word_1_491' title='bbox 944 3883 1059 3943; x_wconf 89' lang='lat' dir='ltr'><em>mensis</em></span> <span class='ocrx_word' id='word_1_492' title='bbox 1077 3883 1231 3960; x_wconf 85' lang='lat' dir='ltr'><em>Annales,</em></span> <span class='ocrx_word' id='word_1_493' title='bbox 1261 3887 1327 3944; x_wconf 92' lang='lat' dir='ltr'><em>sive</em></span> <span class='ocrx_word' id='word_1_494' title='bbox 1359 3885 1528 3947; x_wconf 87' lang='lat' dir='ltr'><em>Chronicon</em></span> <span class='ocrx_word' id='word_1_495' title='bbox 1555 3890 1664 3949; x_wconf 86' lang='lat' dir='ltr'><em>aetatis</em></span> 
     </span>
     <span class='ocr_line' id='line_1_76' title="bbox 944 3977 1664 4056; baseline 0.01 -20"><span class='ocrx_word' id='word_1_496' title='bbox 944 3993 1040 4048; x_wconf 88' lang='lat' dir='ltr'><em>suae,</em></span> <span class='ocrx_word' id='word_1_497' title='bbox 1067 3978 1083 4035; x_wconf 93' lang='lat' dir='ltr'><em>i.</em></span> <span class='ocrx_word' id='word_1_498' title='bbox 1101 3977 1140 4036; x_wconf 90' lang='lat' dir='ltr'><em>ab</em></span> <span class='ocrx_word' id='word_1_499' title='bbox 1157 3994 1236 4038; x_wconf 89' lang='lat' dir='ltr'><em>anno</em></span> <span class='ocrx_word' id='word_1_500' title='bbox 1254 3979 1371 4039; x_wconf 88' lang='lat' dir='ltr'><em>CHristi</em></span> <span class='ocrx_word' id='word_1_501' title='bbox 1389 3980 1608 4056; x_wconf 83' lang='lat' dir='ltr'><em>uccccxlx,</em></span> <span class='ocrx_word' id='word_1_502' title='bbox 1625 3980 1664 4043; x_wconf 91' lang='lat' dir='ltr'><em>ad</em></span> 
     </span>
     <span class='ocr_line' id='line_1_77' title="bbox 944 4070 1665 4149; baseline 0.01 -21"><span class='ocrx_word' id='word_1_503' title='bbox 944 4086 1058 4129; x_wconf 88' lang='lat' dir='ltr'><em>annum</em></span> <span class='ocrx_word' id='word_1_504' title='bbox 1076 4070 1380 4144; x_wconf 69' lang='lat' dir='ltr'><em>acccctxvhcum</em></span> <span class='ocrx_word' id='word_1_505' title='bbox 1394 4071 1559 4149; x_wconf 86' lang='lat' dir='ltr'><em>appendice</em></span> <span class='ocrx_word' id='word_1_506' title='bbox 1573 4090 1665 4134; x_wconf 72' lang='lat' dir='ltr'><em>unna</em></span> 
     </span>
     <span class='ocr_line' id='line_1_78' title="bbox 945 4163 1347 4240; baseline -0.002 -19"><span class='ocrx_word' id='word_1_507' title='bbox 945 4180 1011 4222; x_wconf 89' lang='lat' dir='ltr'><em>rum</em></span> <span class='ocrx_word' id='word_1_508' title='bbox 1030 4163 1166 4239; x_wconf 88' lang='lat' dir='ltr'><em>aliquot,</em></span> <span class='ocrx_word' id='word_1_509' title='bbox 1189 4178 1255 4240; x_wconf 78' lang='lat' dir='ltr'><em>pag,</em></span> <span class='ocrx_word' id='word_1_510' title='bbox 1279 4164 1347 4224; x_wconf 90' lang='grc'><strong>409.</strong></span> 
     </span>
    </p>

    <p class='ocr_par' dir='ltr' id='par_1_11' title="bbox 944 4255 1665 4614">
     <span class='ocr_line' id='line_1_79' title="bbox 985 4255 1663 4332; baseline 0.004 -17"><span class='ocrx_word' id='word_1_511' title='bbox 985 4257 1036 4315; x_wconf 94' lang='grc'><strong>444.</strong></span> <span class='ocrx_word' id='word_1_512' title='bbox 1054 4258 1246 4317; x_wconf 90' lang='lat' dir='ltr'><em>Continuatio</em></span> <span class='ocrx_word' id='word_1_513' title='bbox 1261 4256 1299 4316; x_wconf 90' lang='lat' dir='ltr'><em>ab</em></span> <span class='ocrx_word' id='word_1_514' title='bbox 1315 4255 1372 4316; x_wconf 80' lang='lat' dir='ltr'><em>An.</em></span> <span class='ocrx_word' id='word_1_515' title='bbox 1391 4256 1663 4332; x_wconf 84' lang='lat' dir='ltr'><em>DCCCCLXXVH,</em></span> 
     </span>
     <span class='ocr_line' id='line_1_80' title="bbox 944 4348 1665 4424; baseline 0 -15"><span class='ocrx_word' id='word_1_516' title='bbox 944 4349 982 4409; x_wconf 91' lang='lat' dir='ltr'><em>ad</em></span> <span class='ocrx_word' id='word_1_517' title='bbox 1001 4366 1113 4410; x_wconf 87' lang='lat' dir='ltr'><em>annum</em></span> <span class='ocrx_word' id='word_1_518' title='bbox 1131 4350 1331 4424; x_wconf 75' lang='lat' dir='ltr'><em>baccone,</em></span> <span class='ocrx_word' id='word_1_519' title='bbox 1349 4366 1386 4409; x_wconf 82' lang='lat' dir='ltr'><em>ex</em></span> <span class='ocrx_word' id='word_1_520' title='bbox 1405 4350 1564 4410; x_wconf 89' lang='lat' dir='ltr'><em>Chronicis</em></span> <span class='ocrx_word' id='word_1_521' title='bbox 1591 4348 1665 4412; x_wconf 86' lang='lat' dir='ltr'><em>wil-</em></span> 
     </span>
     <span class='ocr_line' id='line_1_81' title="bbox 946 4441 1664 4522; baseline 0.006 -20"><span class='ocrx_word' id='word_1_522' title='bbox 946 4441 1185 4522; x_wconf 79' lang='lat' dir='ltr'><em>lielmiNonpu&#39;,</em></span> <span class='ocrx_word' id='word_1_523' title='bbox 1205 4443 1391 4504; x_wconf 80' lang='lat' dir='ltr'><em>bisanchis.</em></span> <span class='ocrx_word' id='word_1_524' title='bbox 1414 4443 1570 4519; x_wconf 80' lang='lat' dir='ltr'><em>Dionysii,</em></span> <span class='ocrx_word' id='word_1_525' title='bbox 1590 4448 1664 4505; x_wconf 79' lang='lat' dir='ltr'><em>tuoe</em></span> 
     </span>
     <span class='ocr_line' id='line_1_82' title="bbox 946 4535 1660 4614; baseline 0 -19"><span class='ocrx_word' id='word_1_526' title='bbox 946 4535 1374 4614; x_wconf 58' lang='lat' dir='ltr'><em>mwmm.w.</em></span> <span class='ocrx_word' id='word_1_527' title='bbox 1573 4562 1660 4585; x_wconf 55' lang='lat'><em>2«</em></span> 
     </span>
    </p>

    <p class='ocr_par' dir='ltr' id='par_1_12' title="bbox 943 4604 1665 4895">
     <span class='ocr_line' id='line_1_83' title="bbox 986 4604 1665 4700; baseline -0.002 -11"><span class='ocrx_word' id='word_1_528' title='bbox 986 4630 1033 4689; x_wconf 93' lang='lat' dir='ltr'><em>lV.</em></span> <span class='ocrx_word' id='word_1_529' title='bbox 1053 4628 1215 4700; x_wconf 83' lang='lat' dir='ltr'><em>Odoranni,</em></span> <span class='ocrx_word' id='word_1_530' title='bbox 1234 4627 1417 4688; x_wconf 83' lang='lat' dir='ltr'><em>MonachiS.</em></span> <span class='ocrx_word' id='word_1_531' title='bbox 1433 4629 1511 4687; x_wconf 88' lang='lat' dir='ltr'><em>Petri</em></span> <span class='ocrx_word' id='word_1_532' title='bbox 1527 4604 1595 4686; x_wconf 90' lang='lat' dir='ltr'><em>Vivi</em></span> <span class='ocrx_word' id='word_1_533' title='bbox 1610 4627 1665 4688; x_wconf 86' lang='grc'><em>80-</em></span> 
     </span>
     <span class='ocr_line' id='line_1_84' title="bbox 945 4719 1663 4798; baseline 0 -17"><span class='ocrx_word' id='word_1_534' title='bbox 945 4725 1109 4790; x_wconf 89' lang='lat' dir='ltr'><em>nonensis,</em></span> <span class='ocrx_word' id='word_1_535' title='bbox 1128 4721 1295 4797; x_wconf 80' lang='lat' dir='ltr'><em>Chronicon</em></span> <span class='ocrx_word' id='word_1_536' title='bbox 1307 4719 1501 4798; x_wconf 87' lang='lat' dir='ltr'><em>,quoditie</em></span> <span class='ocrx_word' id='word_1_537' title='bbox 1491 4737 1554 4796; x_wconf 70' lang='lat' dir='ltr'><em>jam</em></span> <span class='ocrx_word' id='word_1_538' title='bbox 1576 4735 1663 4781; x_wconf 82' lang='lat' dir='ltr'><em>sexa·</em></span> 
     </span>
     <span class='ocr_line' id='line_1_85' title="bbox 943 4812 1605 4895; baseline -0.009 -17"><span class='ocrx_word' id='word_1_539' title='bbox 943 4820 1085 4895; x_wconf 90' lang='lat' dir='ltr'><em>genarius</em></span> <span class='ocrx_word' id='word_1_540' title='bbox 1106 4816 1226 4894; x_wconf 88' lang='lat' dir='ltr'><em>collegit</em></span> <span class='ocrx_word' id='word_1_541' title='bbox 1243 4813 1300 4875; x_wconf 86' lang='lat' dir='ltr'><em>dn.</em></span> <span class='ocrx_word' id='word_1_542' title='bbox 1318 4816 1435 4875; x_wconf 79' lang='grc'><strong>4444449.</strong></span> <span class='ocrx_word' id='word_1_543' title='bbox 1452 4832 1518 4893; x_wconf 90' lang='lat' dir='ltr'><em>pag.</em></span> <span class='ocrx_word' id='word_1_544' title='bbox 1535 4812 1605 4874; x_wconf 81' lang='grc'><strong>944.</strong></span> 
     </span>
    </p>
   </div>
   <div class='ocr_carea' id='block_1_7' title="bbox 171 4905 1663 5092">
    <p class='ocr_par' dir='ltr' id='par_1_13' title="bbox 171 4905 1663 5092">
     <span class='ocr_line' id='line_1_86' title="bbox 172 4905 1663 4990; baseline -0.012 -8"><span class='ocrx_word' id='word_1_545' title='bbox 172 4920 231 4982; x_wconf 93' lang='grc'><em>947</em></span> <span class='ocrx_word' id='word_1_546' title='bbox 251 4913 452 4990; x_wconf 73' lang='lat' dir='ltr'><em>tantumne</em></span> <span class='ocrx_word' id='word_1_547' title='bbox 467 4912 618 4974; x_wconf 82' lang='lat' dir='ltr'><em>Abbatum</em></span> <span class='ocrx_word' id='word_1_548' title='bbox 637 4911 886 4977; x_wconf 87' lang='lat' dir='ltr'><em>werthinensium</em></span> <span class='ocrx_word' id='word_1_549' title='bbox 982 4913 1016 4971; x_wconf 94' lang='lat' dir='ltr'><em>V.</em></span> <span class='ocrx_word' id='word_1_550' title='bbox 1033 4913 1245 4989; x_wconf 85' lang='lat' dir='ltr'><em>Fragmentum</em></span> <span class='ocrx_word' id='word_1_551' title='bbox 1258 4909 1362 4968; x_wconf 90' lang='lat' dir='ltr'><em>Gallici</em></span> <span class='ocrx_word' id='word_1_552' title='bbox 1375 4909 1530 4987; x_wconf 88' lang='lat' dir='ltr'><em>scriptoris</em></span> <span class='ocrx_word' id='word_1_553' title='bbox 1540 4924 1578 4969; x_wconf 84' lang='lat' dir='ltr'><em>ex</em></span> <span class='ocrx_word' id='word_1_554' title='bbox 1586 4905 1663 4968; x_wconf 86' lang='lat' dir='ltr'><em>Gon-</em></span> 
     </span>
     <span class='ocr_line' id='line_1_87' title="bbox 171 4999 1661 5092; baseline -0.013 -16"><span class='ocrx_word' id='word_1_555' title='bbox 171 5022 200 5076; x_wconf 91' lang='lat' dir='ltr'><em>et</em></span> <span class='ocrx_word' id='word_1_556' title='bbox 218 5011 433 5092; x_wconf 81' lang='lat' dir='ltr'><em>Episcoporum</em></span> <span class='ocrx_word' id='word_1_557' title='bbox 462 5006 562 5068; x_wconf 87' lang='lat' dir='ltr'><em>Coton.</em></span> <span class='ocrx_word' id='word_1_558' title='bbox 589 5027 626 5070; x_wconf 84' lang='lat' dir='ltr'><em>ex</em></span> <span class='ocrx_word' id='word_1_559' title='bbox 655 5006 764 5068; x_wconf 88' lang='lat' dir='ltr'><em>Codice</em></span> <span class='ocrx_word' id='word_1_560' title='bbox 788 5006 885 5067; x_wconf 88' lang='grc'><strong>800044</strong></span> <span class='ocrx_word' id='word_1_561' title='bbox 941 5003 1017 5063; x_wconf 88' lang='lat' dir='ltr'><em>rado</em></span> <span class='ocrx_word' id='word_1_562' title='bbox 1033 4999 1167 5077; x_wconf 72' lang='lat' dir='ltr'><em>abbate,</em></span> <span class='ocrx_word' id='word_1_563' title='bbox 1185 5001 1221 5063; x_wconf 93' lang='lat' dir='ltr'><em>ad</em></span> <span class='ocrx_word' id='word_1_564' title='bbox 1237 5019 1286 5062; x_wconf 89' lang='lat' dir='ltr'><em>an.</em></span> <span class='ocrx_word' id='word_1_565' title='bbox 1304 5002 1524 5063; x_wconf 82' lang='lat' dir='ltr'><em>uccccxxb.</em></span> <span class='ocrx_word' id='word_1_566' title='bbox 1546 5017 1575 5078; x_wconf 89' lang='lat' dir='ltr'><em>p.</em></span> <span class='ocrx_word' id='word_1_567' title='bbox 1593 4999 1661 5060; x_wconf 84' lang='lat' dir='ltr'><em>sta.</em></span> 
     </span>
    </p>
   </div>
   <div class='ocr_carea' id='block_1_8' title="bbox 0 0 1743 5332">
    <p class='ocr_par' dir='ltr' id='par_1_14' title="bbox 0 0 1743 5332">
     <span class='ocr_line' id='line_1_88' title="bbox 0 0 1743 5332; baseline 0 0"><span class='ocrx_word' id='word_1_568' title='bbox 0 0 1743 5332; x_wconf 95' lang='lat' dir='ltr'><em> </em></span> 
     </span>
    </p>
   </div>
  </div>
 </body>
</html>
