3458 5332
199 316 260 381 838
829 314 1076 377 8044444446

204 430 241 490 48
258 436 289 489 84
304 427 395 488 Lond.
414 426 507 501 4786,
525 424 543 483 4
557 440 627 484 cum
644 420 722 483 Rolli
735 420 858 483 editoris
874 436 926 483 88
980 424 1055 483 torte
1071 424 1171 484 versio
1183 441 1242 485 non
1253 426 1347 485 altera
1363 432 1412 487 est
1428 426 1466 488 ab
1480 444 1515 489 ea
1532 446 1615 509 quae
1634 432 1708 514 legi-

199 524 253 595 tis,
275 522 418 581 insistens
436 516 573 595 vestigiis
585 514 726 575 editionis
741 512 821 575 Anni
834 514 921 577 4587.
979 521 1031 577 tur
1044 518 1073 576 48
1091 517 1222 597 vulgatis
1238 515 1408 580 Aristotelis
1419 521 1534 581 Latinis
1550 520 1710 587 codicibus

198 618 259 677 Nec
275 631 333 675 non
355 612 474 692 Neapoli
490 608 541 672 474
549 610 576 681 8,
591 610 644 679 83⁰
666 607 925 670 duobusVolumi-
976 608 1015 671 ab
1029 610 1127 687 ignoto
1142 618 1263 672 auctore
1279 609 1358 672 data.

200 710 307 785 uibus,
329 724 419 785 quarn
441 710 545 765 secuta
560 703 650 763 editio
667 702 772 762 melior
792 708 924 763 caetero·
1015 703 1187 786 Roedelsus
1216 706 1399 777 BOCKlR'G‚
1419 706 1559 787 Augias,
1580 710 1708 773 Ordinis

88 834 94 845 ·
200 796 839 880 rumplerorumquelletruscorumBoccatii
852 796 924 856 scri·
977 795 1237 876 Praedicatorum,
1258 800 1378 879 scripsit
1394 800 1490 862 Vitem
1503 804 1535 864 8.
1557 802 1710 867 arctarer·

198 889 923 976 piorum,itidemttetasexvoluminibus,cu·
976 890 1565 973 (488848884888844888888848844884
1577 898 1609 957 48
1622 896 1707 960 Actis

198 998 284 1052 rante
305 988 406 1049 nescio
426 1003 500 1064 quo,
517 987 564 1045 cui
582 984 640 1043 sub
660 982 781 1042 nomine
803 980 924 1043 cillenii
976 982 1155 1044 Sanctorum
1173 984 1190 1044 3
1207 983 1298 1065 April.
1316 991 1387 1046 tom.
1404 988 1415 1047 l
1432 1004 1497 1067 pag.
1516 990 1588 1051 888.

198 1082 339 1145 Zocclori
346 1082 458 1161 placuit
478 1078 663 1139 delitescere.
680 1076 807 1137 Restant
820 1074 919 1136 adhuc
1014 1076 1122 1138 Petrus
1138 1078 1318 1154 BOERlllS,
1353 1080 1572 1158 Narbonensis,
1595 1086 1704 1147 Doctor

199 1174 401 1250 insererent
413 1170 611 1245 ilFilostroto,
622 1176 760 1249 poemma
777 1172 806 1229 48
817 1175 920 1230 ottava
971 1169 1177 1248 Decretorum,
1195 1177 1227 1231 et
1242 1189 1281 1232 ex
1299 1170 1417 1234 Abbate
1433 1172 1560 1235 Aniensi
1581 1176 1701 1241 Ordinis

197 1274 281 1345 rima,
299 1276 333 1331 ut
349 1273 467 1339 vocant,
486 1264 575 1343 88488
589 1265 707 1343 generis
723 1279 845 1347 carmen
856 1264 916 1341 pri·
968 1261 1121 1323 Benedicti
1134 1263 1303 1344 Episcopus
1321 1266 1533 1330 Urbevetanus
1547 1268 1588 1331 ab
1610 1270 1696 1333 Anno

198 1382 267 1426 mus
283 1363 439 1424 Boccatius
450 1359 548 1430 ltalos,
562 1363 683 1417 notante
693 1355 914 1417 crescimbenio
970 1355 1046 1416 4364
1062 1361 1094 1416 84
1107 1355 1145 1416 ab
1160 1355 1246 1417 Anno
1264 1356 1356 1435 4376,
1378 1360 1588 1441 vasionensis,
1606 1370 1695 1443 atquc

197 1458 309 1531 docuit,
327 1457 405 1516 sicut
421 1454 760 1533 Epicumquoque:neo
775 1450 916 1527 nonEpi·
970 1448 1079 1510 iterum
1108 1448 1322 1512 Urbevetanus
1356 1451 1412 1513 An.
1436 1453 1515 1516 4376
1546 1472 1610 1533 qua
1629 1456 1697 1519 sede

196 1551 295 1611 stolae
310 1546 466 1626 quaedam.
488 1544 561 1607 Vide
576 1546 709 1605 Diarium
722 1540 916 1603 Eruditorum
970 1543 1077 1621 pulsus
1103 1541 1159 1604 An.
1180 1545 1257 1605 4378
1279 1545 1317 1607 ab
1341 1547 1459 1609 Urbano
1479 1550 1519 1610 l'l
1540 1566 1614 1611 curn
1634 1552 1696 1613 Cle·

198 1644 298 1705 ltaliae
319 1648 391 1702 tom.
408 1640 536 1702 XXXVI
556 1655 623 1717 pag.
651 1635 717 1699 367.
745 1636 916 1696 Recaemeri
970 1637 1063 1696 menti
1079 1636 1132 1698 Vll
1149 1642 1253 1699 contra
1270 1638 1339 1716 ejus
1360 1647 1462 1719 partes
1483 1644 1632 1720 lavisset,
1652 1662 1694 1705 re·

196 1744 297 1798 exstat
310 1738 399 1797 etiam
417 1735 517 1795 versio
539 1729 739 1804 Gerounion,
760 1727 915 1807 Augustae
969 1728 1023 1789 diit
1039 1732 1068 1790 48
1080 1730 1205 1792 Galliam
1215 1738 1246 1791 et
1262 1732 1437 1795 Sacellanus
1448 1735 1548 1797 Caroli
1558 1736 1599 1797 Vl
1611 1739 1692 1815 Regis

196 1830 311 1893 Vindel.
325 1829 402 1893 4496
421 1828 468 1889 484.
479 1834 511 1887 84
522 1823 713 1907 sigismundo
724 1820 914 1900 Feyerabend
967 1820 1024 1884 An.
1043 1825 1214 1885 4364488444.
1231 1826 1357 1905 Scripsit
1375 1826 1632 1890 Commentariun
1640 1828 1690 1889 du-

195 1931 333 2001 curante,
347 1922 503 2001 Argentor.
524 1918 660 1982 4564484.
679 1925 710 1978 et
727 1914 843 1977 Gallice
853 1916 915 1976 An·
962 1915 1071 1996 plieem
1090 1916 1122 1977 48
1141 1915 1284 1997 Regulam
1315 1920 1345 1981 8.
1364 1918 1528 1998 Benedicti,
1546 1940 1641 1984 unum
1656 1922 1689 1984 ad

195 2020 266 2081 tonii
281 2016 318 2079 de
333 2021 455 2093 448888,
475 2016 596 2076 Parisiis
613 2014 700 2087 4559,
721 2013 750 2070 8.
764 2017 795 2071 84
806 2009 916 2089 444888-
967 2012 1109 2073 148844888
1132 2013 1208 2073 sacri
1226 2014 1420 2073 Provincialis
1441 2016 1575 2094 Capituli
1597 2018 1718 2077 Renes

193 2111 280 2191 8488,
301 2128 413 2174 excusa
433 2110 566 2171 44884888
587 2108 692 2185 Campi
707 2106 784 2166 4543
801 2111 832 2164 84
846 2104 914 2165 4484-
965 2104 1090 2166 chorum
1106 2106 1264 2185 Nigrorum
1283 2104 1670 2184 Praesidentes,etalteru
1725 2165 1729 2170 .

199 2206 310 2268 lidoleti
321 2206 398 2268 4556
411 2202 458 2263 iol.
470 2207 500 2261 et
511 2199 630 2278 Belgica
639 2198 767 2259 llarlem.
784 2198 871 2274 4564,
883 2196 910 2255 8.
964 2198 999 2260 88
1018 2200 1158 2261 Camlum
1173 2200 1197 2261 44
1212 2200 1324 2278 Regem
1347 2200 1476 2276 Galliae,
1494 2220 1588 2281 quem
1603 2204 1670 2265 etia

239 2302 291 2379 (44
315 2301 410 2380 Opere
423 2293 559 2373 Vulgari(
570 2310 624 2371 per
639 2308 711 2353 eura
721 2290 817 2369 d'lgn.
832 2292 913 2351 4488-
965 2294 1047 2352 misit
1062 2291 1100 2353 ad
1111 2292 1270 2355 4488884488
1280 2292 1309 2352 S.
1320 2292 1523 2356 Scholasticae
1537 2294 1576 2357 de
1590 2312 1702 2375 specim

197 2395 267 2469 tier)
286 2395 407 2453 Firenze.
426 2387 524 2462 4887,
544 2384 582 2447 34
599 2384 661 2444 Vol.
680 2382 732 2460 17,
750 2384 777 2442 8.
965 2385 1039 2446 Vide
1060 2386 1218 2464 Ugbellum
1237 2393 1308 2446 tom.
1328 2388 1339 2446 4
1358 2404 1422 2467 pag.
1444 2388 1523 2449 4374
1545 2396 1578 2450 et
1595 2388 1666 2451 088

236 2488 280 2546 De
301 2484 440 2546 Boccacio
470 2482 556 2561 plura
581 2478 711 2537 editores
736 2479 912 2539 Franciscus
965 2496 1039 2539 num
1056 2486 1127 2539 torn.
1145 2481 1185 2541 444
1203 2496 1268 2559 pag.
1296 2480 1375 2541 4483
1390 2497 1453 2559 seq.
1475 2483 1591 2545 Deinde
1603 2484 1725 2548 Con-

196 2580 383 2641 sansovinus
396 2576 521 2652 aliique,
532 2574 583 2651 qui
599 2572 691 2631 vitam
709 2568 775 2647 ejus
790 2571 838 2631 vel
853 2571 913 2631 elo-
965 2574 1145 2634 monterium
1162 2573 1194 2633 in
1206 2572 1441 2653 Benedictinom,
1452 2576 1519 2637 sive
1538 2578 1713 2641 Constitu-

195 2673 244 2752 gia
261 2672 421 2749 scripsero,
437 2670 541 2727 lovios
557 2685 585 2745 p.
605 2666 651 2726 43.
673 2666 817 2743 Pepyrius
837 2665 913 2724 llas
965 2669 1076 2727 tionem
1091 2668 1185 2746 Papae
1199 2667 1349 2728 Benedicti
1367 2668 1423 2729 Xll
1441 2687 1496 2748 pro
1512 2668 1703 2733 048488448-

196 2782 290 2827 sonus
319 2771 390 2824 tom.
411 2763 437 2821 44
459 2762 533 2839 eleg.
554 2778 620 2839 pag.
642 2760 709 2820 485.
739 2756 916 2817 Boissardus
968 2758 1136 2833 nedictino,
1157 2768 1188 2822 84
1208 2778 1300 2841 super
1319 2767 1561 2843 extravagante,
1582 2764 1692 2825 enter

194 2866 267 2921 tom.
286 2860 297 2919 4
315 2854 491 2917 Academiae
512 2854 709 2916 scientiarum
731 2869 758 2930 p.
776 2852 843 2913 262.
861 2852 915 2912 lli·
965 2852 1073 2913 Bonos.
1095 2854 1181 2927 Quod
1196 2862 1299 2916 autem
1314 2863 1461 2916 memorat
1482 2855 1679 2927 rossevinns,

194 2952 280 3017 chael
299 2952 475 3013 Pocciantus
495 2954 525 3009 ot
545 2948 643 3009 Julius
671 2946 758 3024 Niger
778 2944 816 3005 de
836 2945 914 3006 Seri-
965 2946 1124 3026 Speculum
1134 2948 1363 3021 ltonoolrorum,
1382 2949 1674 3013 nondiversumessc

195 3046 330 3127 ptoribus
364 3042 543 3104 Florentinis
563 3058 628 3120 pag.
651 3040 719 3101 869.
742 3038 861 3098 Raelius
881 3039 912 3096 in
964 3048 1037 3118 puto
1053 3060 1071 3102 a
1088 3044 1229 3103 Tractatu
1257 3040 1293 3103 448
1319 3041 1506 3124 Proferrioee
1527 3040 1670 3105 44888848

194 3142 314 3213 Lexico,
334 3140 441 3200 lustus
458 3136 642 3196 Fontaninus
668 3133 706 3193 de
735 3132 911 3209 Eloquentia
963 3151 1052 3211 ren,
1067 3135 1146 3214 quod
1162 3136 1221 3197 448.
1236 3137 1352 3215 Lipsiae
1366 3139 1396 3196 in
1417 3138 1541 3199 Paulina
1562 3143 1666 3198 notatu

193 3234 295 3296 italica
312 3252 339 3313 p.
362 3232 410 3291 96.
432 3231 575 3292 Bailletus
595 3230 625 3287 in
644 3227 763 3305 iudiciis
780 3232 850 3286 tom.
874 3225 909 3286 11.
965 3229 995 3287 48
1009 3230 1148 3307 catalogo
1168 3230 1234 3306 ejus
1255 3228 1453 3290 Bibliothecae
1470 3247 1537 3309 pag.
1557 3232 1612 3292 498
1630 3228 1666 3291 nbi

192 3329 279 3389 l‘arte
294 3328 319 3387 ll
340 3343 404 3403 pag.
427 3323 474 3389 to.
493 3325 531 3383 448
546 3329 603 3383 848.
964 3324 1089 3383 8884488
1105 3322 1245 3383 scribitur
1261 3322 1361 3383 Abbas
1377 3323 1408 3384 8.
1425 3320 1578 3400 Ammoni,
1598 3330 1667 3403 tep-

236 3420 302 3497 (48.
323 3414 505 3477 4448444848.
523 3412 666 3474 Boeoocci
680 3411 909 3474 scrittodoGio.
965 3435 1032 3478 rum
1063 3418 1149 3493 vitio,
1170 3433 1222 3495 pro
1243 3414 1361 3475 Anioni.
1387 3416 1487 3477 Etiam
1521 3418 1626 3479 librum
1642 3412 1668 3475 84

193 3514 227 3571 B.
242 3506 376 3569 Rolrlelli.
392 3510 448 3567 Fir.
462 3510 558 3583 4866,
574 3509 601 3566 8.
612 3504 794 3567 8488888844
813 3504 846 3565 de
869 3523 911 3565 88
962 3509 1056 3589 signis
1070 3508 1248 3570 4888448888
1263 3512 1291 3571 84
1306 3509 1394 3570 tribui
1411 3509 1506 3571 video.
1526 3510 1585 3573 Sed
1597 3526 1665 3591 prae

194 3604 255 3665 tls.
273 3599 433 3682 oictogroso
454 3599 487 3660 444
506 3600 568 3660 Geir.
589 3603 673 3660 Boeo.
691 3618 706 3660 e
722 3601 836 3661 Lettere
850 3602 911 3661 488-
963 3606 1083 3683 cipuum
1110 3602 1176 3681 ejus
1206 3622 1282 3683 opus
1304 3602 1340 3664 de
1359 3603 1431 3665 Vitis
1453 3598 1669 3685 Pontificumad

192 3694 252 3756 44448
271 3692 381 3754 illustr.
399 3692 439 3753 4444
460 3690 635 3755 Sebastiano
652 3693 777 3773 Ciampi.
798 3694 909 3757 Milone
964 3698 1101 3760 carolum
1121 3698 1158 3759 l'l
1180 3697 1292 3758 Galliae
1317 3700 1451 3775 Regem,
1473 3698 1554 3776 quod
1572 3700 1628 3761 448.
1645 3696 1667 3755 48

195 3790 272 3853 4836
296 3790 325 3847 48
346 3788 413 3863 id.)
962 3793 1052 3871 Regia
1072 3799 1103 3851 et
1123 3793 1188 3852 aliis
1208 3792 1320 3851 Galliae
1340 3788 1541 3853 Bibliotheeis.

235 3884 348 3943 *lnter
364 3888 485 3943 veteres
508 3882 689 3945 Graecorum
714 3884 855 3945 librorum
877 3885 907 3944 in
1002 3887 1047 3946 Ex
1065 3892 1086 3945 t.
1109 3887 1143 3946 V.
1170 3884 1314 3946 l'RTRUS
1343 3883 1469 3945 8884488
1497 3886 1565 3947 sive
1588 3882 1667 3968 Bole-

192 3983 341 4057 terpretes
376 3976 597 4039 accensendum
632 3994 701 4039 esse
732 3981 907 4041 Boccacium
960 3978 1670 4051 848848888888848884488,88848484υωῦ888

193 4087 349 4150 nunquam
363 4071 429 4147 legi.
443 4070 550 4131 Deberi
567 4076 668 4131 tamen
684 4072 723 4131 4444
738 4073 908 4131 versionem
962 4078 993 4133 et
1002 4089 1040 4132 ex
1052 4072 1202 4134 AbbateS.
1214 4071 1320 4133 Aviani
1333 4072 1362 4131 S.
1376 4071 1668 4133 Pontii'lomeriarum

191 4184 231 4227 ex
246 4166 358 4225 Graeco
375 4163 464 4223 libelli
480 4163 651 4225 Aristotelis
667 4181 775 4224 nomen
797 4165 911 4242 praele-
963 4166 1126 4243 dioecesis,
1155 4165 1227 4226 Ord.
1257 4166 1288 4225 8.
1316 4162 1489 4241 Benedicti,
1516 4166 1670 4245 Episcopus

191 4260 287 4320 rentis
298 4256 430 4334 inscripti
441 4253 477 4315 448
486 4254 674 4316 admirandis
683 4253 911 4318 narrationibus
963 4259 1172 4321 Urbevetanus
1189 4258 1348 4337 (Orvioto)
1364 4256 1402 4318 ab
1418 4255 1454 4318 A.
1467 4258 1546 4320 4364
1559 4258 1596 4320 88
1610 4256 1672 4321 4376

192 4352 294 4411 docuit
320 4364 370 4409 me
386 4348 566 4409 Laurentius
583 4348 757 4409 Abstemius
781 4350 909 4411 4488888-
964 4353 1001 4414 88
1018 4368 1078 4432 quo
1094 4360 1211 4433 praetor
1226 4352 1425 4412 Trithemium
1442 4368 1507 4431 oap.
1526 4353 1585 4414 646
1598 4352 1634 4413 88
1649 4350 1673 4411 8.

192 4445 290 4507 488848
305 4444 336 4503 48
351 4440 449 4503 libello
463 4438 499 4500 448
513 4437 616 4501 uerbis
630 4439 834 4502 communibus
841 4440 912 4521 jun·
964 4448 999 4510 B.
1017 4453 1049 4507 et
1065 4447 1171 4507 illustr.
1186 4445 1358 4507 Benedictio
1377 4446 1402 4505 44
1420 4446 1489 4507 434.
1506 4453 1539 4506 et
1553 4440 1675 4508 Possevi·

193 4543 243 4597 cto
259 4534 356 4597 libello
372 4535 610 4611 lleeatomytium
627 4534 767 4597 secundo.
777 4538 821 4596 lta
830 4539 912 4599 88448
966 4556 1039 4602 uum
1057 4542 1087 4599 48
1109 4545 1272 4619 apparatu,
1286 4536 1438 4599 Arnoldus
1464 4538 1554 4600 444488
1579 4536 1669 4599 tomi

196 4628 259 4687 ille:
273 4628 403 4689 48448888
414 4626 570 4687 Boccatius
585 4626 636 4688 vir
651 4627 760 4689 aetolis
777 4628 912 4690 84488448-
964 4634 1036 4712 ligni
1049 4634 1133 4694 Vitae
1150 4650 1215 4712 pag.
1229 4632 1286 4692 373
1300 4638 1332 4692 84
1348 4630 1492 4711 Ugbellus
1509 4640 1582 4696 tom.
1597 4634 1609 4694 l
1625 4632 1675 4693 lta·

194 4719 347 4781 ctissimur
362 4738 471 4801 sequor
481 4721 546 4800 ejus
561 4722 653 4795 (verbi
663 4724 912 4802 prosequorlsim-
964 4727 1020 4788 liae
1037 4742 1139 4787 sacrae
1152 4744 1217 4806 pag.
1236 4725 1312 4788 4474
1327 4742 1390 4804 seq.
1407 4724 1485 4802 Ejus
1501 4730 1613 4806 scripta
1623 4726 1676 4787 ine

190 4810 268 4891 plne
284 4812 316 4873 48
326 4812 462 4893 potiendi
475 4814 689 4895 84884448844888
704 4816 808 4895 posuit
828 4817 860 4879 in
876 4817 913 4880 li·
963 4819 1025 4880 dita
1041 4820 1139 4882 adhuc-
1156 4822 1297 4900 pleraque
1313 4826 1344 4880 et
1362 4821 1391 4878 48
1408 4819 1677 4900 stetteinsanger·

197 4902 447 4968 delloAn'rtotelir
455 4906 491 4969 de
501 4907 688 4972 adunandis
698 4909 910 4992 auditionibus,
964 4914 1099 4976 monensi
1124 4913 1215 4976 Codri.
1235 4912 1291 4973 434
1309 4918 1341 4973 84
1360 4912 1419 4972 664
1439 4913 1569 4995 aliisque
1584 4912 1674 4977 obvia:

195 5014 284 5075 quem
306 5000 453 5060 eGreeeo
467 4999 497 5059 444
517 5003 655 5065 latinum
669 5004 910 5069 corruerlitllaee
964 5005 1161 5087 inspeciatam
1170 5004 1586 5091 lionoelrorumJnRoguiom
1594 5008 1675 5073 soe-
