3458 5332
644 422 728 508 Al)
761 419 1088 509 LECTOREM

122 891 245 1010 Possit
269 948 364 1009 videri
391 945 559 1027 improbum
587 946 733 1020 tortasse,
761 947 835 1008 mihi
864 948 1088 1027 sexagesimum
1112 945 1176 1024 jam
1212 952 1335 1007 sextum
1363 948 1464 1026 agenti
1491 964 1606 1009 annum

121 1044 247 1117 acutis,
270 1043 373 1103 venire
394 1041 530 1120 potuisse
552 1040 581 1098 in
603 1045 757 1116 mentem,
779 1047 814 1101 ut
834 1042 1015 1119 scriptorum
1036 1038 1151 1102 mediae
1173 1046 1204 1101 et
1226 1039 1346 1101 intimae
1365 1043 1539 1101 Latinitatis
1556 1058 1606 1101 no

121 1138 218 1197 titiam
238 1134 376 1203 tradere,
397 1142 429 1194 et
448 1132 529 1212 quod
550 1131 716 1195 CdNGlUS
737 1135 767 1194 in
789 1133 939 1212 praeclaro
960 1150 1016 1194 suo
1033 1133 1258 1195 Nomenclatore
1280 1135 1462 1211 scriptorum
1485 1132 1603 1194 mediae

119 1235 211 1306 atque
225 1227 344 1288 infimae
360 1228 468 1288 aetatis
480 1225 542 1286 heri
560 1225 710 1304 abaliquo
726 1226 856 1306 optabat,
870 1225 1090 1304 quodammodo
1104 1227 1249 1306 perticere
1262 1224 1450 1306 aggrederer.
1462 1225 1521 1287 Sed
1534 1243 1610 1304 cum,

120 1321 232 1380 vellem
252 1337 319 1380 eam
341 1336 452 1380 navare
473 1335 594 1397 operam
616 1318 779 1393 studiosis,
800 1324 893 1397 atque
914 1319 992 1381 hanc
1012 1320 1107 1380 veluti
1129 1320 1307 1380 mantissam
1329 1317 1534 1381 Bibliothecae
1550 1322 1602 1381 La·

121 1415 221 1487 tinae,
243 1419 314 1473 ante
335 1410 630 1490 duodequadraginta
651 1427 747 1472 annos
770 1412 799 1471 in
821 1412 876 1473 hac
897 1410 976 1473 Urbe
997 1428 1014 1472 a
1035 1429 1084 1472 me
1105 1411 1204 1494 editae
1218 1410 1391 1490 adjungere,
1416 1412 1603 1490 mantissam,

120 1524 220 1587 quae,
242 1512 276 1568 ut
295 1508 338 1566 ait
359 1506 510 1579 Lucilius„
532 1501 705 1580 obsonium,
733 1505 837 1565 ferculi
861 1505 940 1567 mole
964 1505 1050 1566 facile
1070 1504 1190 1565 vincat:
1212 1504 1273 1564 vidi
1295 1505 1391 1566 multa
1413 1522 1463 1565 me
1491 1505 1601 1567 habere

121 1602 150 1660 in
173 1599 305 1674 mundo,
326 1616 380 1678 per
400 1604 520 1660 tantum
541 1598 686 1675 temporis
706 1597 865 1658 observata
886 1597 976 1672 mihi,
996 1613 1074 1681 quae
1096 1598 1193 1675 perire
1208 1596 1339 1673 nollem,
1359 1604 1391 1656 et
1405 1598 1519 1674 quibus
1535 1615 1605 1676 pos-

120 1702 161 1753 sit
182 1695 281 1755 lorsan
302 1694 408 1772 aperiri
431 1695 479 1752 via
500 1690 537 1751 ad
556 1688 725 1750 noscendos
745 1691 907 1769 scriptores
927 1706 1075 1751 annorum
1096 1689 1177 1750 mille
1197 1690 1328 1767 amplius
1348 1690 1602 1768 quamplurimos,

119 1786 288 1864 dequibus
309 1787 339 1844 in
360 1784 511 1862 plerisque
534 1781 784 1842 bibliothecarum
806 1783 1003 1861 scriptoribus
1017 1782 1066 1847 vel
1088 1782 1169 1844 nulla
1201 1783 1252 1843 vel
1283 1782 1384 1843 hiulca
1414 1789 1468 1844 aut
1500 1785 1602 1844 minus

118 1885 258 1940 accurata
279 1878 359 1936 notio
380 1876 516 1949 habetur.
538 1874 581 1934 be
603 1874 732 1935 utilitate
752 1874 845 1953 huius
865 1876 1044 1954 cognitionis
1064 1882 1095 1935 et
1116 1874 1154 1937 dc
1175 1893 1235 1937 usu
1257 1876 1469 1954 scriptorum,
1491 1877 1601 1955 quibus

118 1969 332 2051 pernoscendis
354 1970 401 2030 hic
422 1968 504 2029 labor
523 1967 695 2028 destinatus
719 1973 789 2042 est,
811 1968 883 2028 nihil
914 1967 1014 2029 dicere
1043 1973 1091 2028 est
1118 1969 1258 2043 animus,
1290 1969 1434 2047 quoniam
1453 1961 1560 2030 teano
1573 1970 1605 2032 οι·

111 2059 291 2143 μεμνημένοιε
322 2061 589 2140 οεοιεποεηυίὴυε
619 2076 692 2120 cura
713 2061 796 2121 nulla
817 2060 924 2121 harum
944 2077 1046 2121 rerum
1068 2066 1131 2135 est,
1153 2056 1308 2121 incassum
1330 2076 1486 2122 monuero.
1507 2063 1593 2122 Prae-

117 2161 235 2238 cipuam
257 2156 407 2223 historicis
428 2151 558 2232 impendi
580 2168 715 2231 operam,
736 2159 828 2230 atque
849 2152 879 2214 id
900 2153 969 2214 dedi
990 2154 1063 2213 mihi
1084 2154 1211 2234 negotii,
1234 2161 1269 2215 ut
1290 2154 1456 2216 vossium
1475 2155 1595 2232 supple·

117 2257 214 2326 turus,
227 2266 319 2328 quam
330 2247 509 2308 brevissime
520 2251 665 2320 notarem,
675 2261 753 2323 quae
767 2252 850 2306 certa
863 2248 946 2326 potui
956 2249 1122 2325 comperire
1138 2247 1177 2308 de
1193 2253 1292 2308 aetate
1303 2245 1462 2326 cujusque,
1473 2246 1510 2308 de
1521 2264 1592 2308 con-

116 2343 238 2418 ditione,
249 2342 286 2402 de
293 2340 480 2420 argumentis
490 2354 624 2416 operum,
636 2338 685 2398 ubi
697 2338 838 2417 quodque
849 2339 978 2418 incipiat,
989 2340 1039 2401 ubi
1051 2339 1170 2402 desinat
1180 2345 1211 2400 et
1221 2339 1258 2401 de
1275 2340 1365 2401 editis
1388 2341 1438 2402 ubi
1458 2349 1489 2403 et
1503 2359 1598 2420 quan-

118 2437 156 2497 do
180 2437 279 2497 lucem
301 2433 444 2508 viderint,
466 2433 496 2490 in
518 2448 577 2509 qua
597 2430 772 2492 collectione
791 2438 930 2493 veterum
951 2421 1151 2513 scriptorum,
1173 2450 1251 2512 quae
1272 2440 1395 2495 exstant
1408 2434 1596 2512 quampluri-

117 2545 205 2601 mae,
227 2525 294 2587 alibi
317 2522 533 2600 recensendae,
555 2523 673 2600 singula
690 2525 887 2602 reperiantur.
906 2525 950 2586 De
970 2525 1256 2603 quibusdamvolui
1277 2533 1406 2588 tractare
1429 2525 1529 2604 paullo
1551 2526 1600 2585 di-

118 2621 271 2700 ligentius,
294 2626 328 2680 ut
350 2618 388 2678 de
408 2617 505 2677 hiano
526 2616 688 2693 insulensi,
709 2615 863 2701 basalmo,
880 2618 917 2679 de
933 2616 1095 2695 Aventino,
1113 2619 1203 2696 beda,
1218 2618 1387 2697 bernardo,
1407 2622 1598 2697 berengario,

119 2716 293 2787 bertramo,
319 2713 491 2789 Campano,
523 2709 628 2771 Carolo
654 2711 779 2789 llagno,
810 2710 997 2790 Clemange,
1023 2713 1145 2773 Cusano
1169 2719 1227 2774 etc.
1260 2729 1351 2792 saepe
1378 2714 1470 2774 etiam
1504 2720 1539 2773 ut
1570 2715 1601 2772 in

119 2804 246 2866 Alcuiuo
266 2803 358 2866 simul
380 2805 535 2864 remittere
555 2802 593 2864 ad
614 2803 689 2864 alios
709 2805 892 2883 scriptores,
913 2805 983 2882 quia
1004 2810 1127 2866 auctum
1148 2820 1256 2883 agere,
1277 2813 1309 2865 et
1329 2805 1499 2866 describere
1518 2806 1598 2866 bene

123 2898 161 2960 ab
178 2898 244 2959 aliis
261 2897 369 2958 tradita
385 2897 476 2957 nolui.
494 2894 638 2955 Ordinem
652 2903 777 2957 secutus
797 2913 866 2958 sum
883 2899 1104 2978 alphabeticum
1119 2901 1324 2978 potiusquam
1342 2899 1604 2978 chronologicum,

123 3007 215 3069 quem
236 2989 329 3050 ludici
353 2991 492 3050 servavi:
514 2987 600 3049 Alius
621 2989 841 3068 supplementis
860 2992 951 3052 etlam
971 2990 1151 3070 recipiendis
1171 2986 1338 3070 oportunus
1359 2993 1425 3052 orit.
1441 2992 1505 3052 Non
1530 3008 1604 3071 pau-

120 3100 173 3145 cos
193 3084 341 3157 omissos,
364 3082 459 3143 multa
481 3084 642 3160 praeterita
662 3098 730 3143 esse
755 3099 772 3144 a
794 3100 862 3148 mes
883 3100 1057 3162 quanquam
1077 3090 1184 3146 conato
1205 3083 1315 3145 addere
1342 3084 1454 3162 aliquid
1468 3088 1602 3164 priorum

121 3177 297 3254 industriae,
319 3176 442 3236 minime
462 3175 576 3251 dubito,
596 3176 634 3235 ob
654 3175 903 3238 innumerabilem
924 3179 1104 3256 scriptorum
1125 3177 1362 3254 multitudinem,
1386 3183 1417 3238 et
1435 3178 1602 3256 lugientem

120 3271 223 3332 oculos
244 3271 408 3331 multorum
430 3269 665 3330 obscuritatem:
688 3286 795 3331 vemm
817 3276 852 3330 ut
872 3272 915 3330 ait
937 3273 966 3330 in
987 3273 1105 3350 Topicis
1126 3271 1250 3345 Cicero,
1272 3288 1331 3331 oon
1350 3276 1395 3332 ert
1412 3270 1553 3332 vitiosum
1571 3269 1603 3329 io

121 3382 157 3424 re
175 3362 290 3442 infinito
308 3360 553 3443 praetermittere
573 3360 711 3442 aliquid,·
727 3361 835 3425 addam
856 3379 920 3444 ego,
943 3369 974 3425 et
990 3381 1120 3444 peccare
1137 3369 1227 3446 atqrae
1242 3362 1400 3443 offendere,
1418 3363 1603 3445 praesertim

118 3458 150 3516 in
171 3461 231 3516 tom
253 3452 402 3516 obscuris.
422 3456 527 3533 ltaque
548 3456 586 3516 ab
608 3455 797 3517 humanitate
817 3474 982 3537 aequorum
1010 3459 1158 3520 lectorum
1181 3476 1241 3519 non
1262 3461 1376 3535 timeo,
1398 3456 1602 3518 candidiorem

118 3552 209 3611 etiam
232 3550 261 3608 in
283 3549 488 3627 superioribus
507 3548 699 3610 bibliothecis
720 3552 796 3611 meis
816 3552 965 3615 calculum
986 3569 1090 3613 eorum
1111 3558 1277 3631 expertus:
1293 3557 1325 3613 et
1345 3567 1433 3630 spem
1455 3550 1529 3612 illud
1551 3567 1600 3610 me

127 3643 268 3703 attulisse
289 3641 445 3720 studium,
467 3659 519 3702 eos
539 3643 730 3706 consuluisse
752 3644 850 3706 sontes
869 3662 904 3706 ac
926 3632 1097 3725 scriptores,
1118 3651 1152 3706 ut
1174 3647 1276 3706 minus
1296 3644 1415 3705 diillcile
1433 3641 1496 3721 jam
1522 3644 1604 3705 iutu-

120 3753 188 3796 rum
210 3736 250 3794 sit
270 3737 484 3813 praetermissa
505 3734 700 3817 admissaque
727 3739 776 3799 vel
804 3738 944 3818 supplere
965 3739 1014 3799 vel
1031 3738 1203 3800 emendare.
1224 3740 1257 3799 ln
1283 3737 1395 3799 Ordine
1412 3737 1600 3816 alphabetico

118 3827 268 3890 servando
289 3828 437 3889 haesitavi
459 3827 597 3905 subinde,
619 3818 712 3908 quem
734 3831 834 3895 locum
854 3832 992 3910 scriptori
1012 3832 1186 3905 tribuerem,
1209 3830 1318 3910 duplici
1334 3831 1532 3910 appellatione
1547 3829 1597 3889 vel

119 3922 226 4001 triplici
249 3920 336 3981 solito
356 3920 480 3982 laudari.
503 3921 659 3982 interdum
681 3925 802 3985 nomina
824 3927 915 3986 unius
935 3926 1089 4003 scriptoris
1113 3931 1176 3984 tam
1203 3925 1288 3984 varia
1315 3929 1441 3984 suntet
1466 3931 1529 3983 tam
1556 3920 1602 3981 dl-

119 4016 218 4077 versis
239 4013 337 4075 modis
354 4015 531 4090 efferuntur,
545 4021 580 4075 ut
598 4032 722 4077 necesse
743 4024 826 4078 esset
846 4034 905 4078 non
927 4016 1015 4078 modo
1035 4018 1142 4092 tribus,
1160 4016 1209 4077 vel
1231 4025 1377 4095 quatuor,
1400 4017 1453 4077 sed
1472 4017 1602 4076 nonnul-

119 4109 164 4168 los
185 4109 347 4186 scriptores
369 4108 442 4167 locis
463 4123 519 4167 sex
539 4107 587 4167 vel
610 4115 727 4187 septem
755 4107 910 4175 collocari:
932 4113 1033 4189 itaque
1057 4110 1153 4171 donec
1174 4111 1244 4172 huic
1274 4111 1405 4172 delectui
1433 4109 1544 4189 index,
1567 4118 1601 4172 ut

118 4200 236 4261 conlido
256 4199 446 4272 medebitur,
468 4201 532 4261 loco
548 4217 639 4277 quem
661 4204 764 4279 putavi
788 4206 979 4281 pmmtiorem
1000 4204 1038 4265 ad
1060 4204 1277 4266 inveniendum
1298 4207 1406 4285 posui:
1430 4205 1600 4279 interdum,

119 4294 214 4354 altero
234 4292 292 4354 sub
313 4294 433 4353 nomine
455 4291 491 4352 ad
518 4292 667 4366 alterum,
689 4294 739 4354 ubi
760 4294 798 4356 de
819 4299 964 4378 scriptore
984 4304 1151 4373 tractatur,
1174 4299 1317 4360 lectorem
1345 4300 1500 4359 remittere
1526 4297 1600 4360 duxi

120 4388 226 4446 satius.
248 4386 315 4447 Alia
331 4384 402 4445 hinc
424 4384 492 4444 ludo
513 4385 603 4444 etiam
627 4387 738 4447 inserta
759 4390 865 4450 Lector
885 4392 1015 4470 reperiet
1035 4408 1147 4469 parvae
1164 4391 1360 4470 digressionis
1376 4390 1449 4466 loco,
1469 4397 1502 4451 ut
1519 4392 1602 4452 eleu-

119 4477 211 4539 chum
233 4479 452 4539 itinerariorum
474 4461 590 4537 melitae
611 4481 718 4539 aetatis
739 4497 804 4561 pag.
827 4483 885 4545 442
907 4489 937 4544 et
958 4485 1139 4562 scriptorum
1160 4487 1328 4546 recentium
1350 4486 1400 4562 qui
1419 4485 1526 4544 itinera
1543 4500 1600 4545 sua

119 4570 169 4631 vel
191 4571 317 4631 aliorum
338 4570 477 4632 versibus
498 4568 685 4648 descripsere
704 4589 773 4659 pag.
797 4575 864 4636 443.
885 4577 1066 4639 Tabularum
1083 4576 1359 4639 Astronomicarum
1378 4579 1514 4637 notitiam
1531 4594 1599 4656 pag.

120 4665 409 4725 camerinorum
430 4680 495 4743 pag.
518 4661 588 4725 ast.
611 4664 656 4738 bc
673 4675 814 4746 computo
834 4668 1046 4732 Ecclesiastico
1077 4689 1143 4752 pag.
1174 4670 1242 4732 376.
1274 4674 1317 4733 De
1351 4671 1464 4732 Musica
1495 4671 1601 4732 Eccle-

119 4757 240 4818 siastica
261 4755 376 4817 mediae
397 4757 505 4817 aetatis
526 4757 688 4834 scriptores
708 4775 774 4839 pag.
796 4760 865 4823 art.
888 4764 931 4825 De
952 4765 1156 4827 benedictinis
1176 4763 1304 4827 eruditis
1324 4779 1390 4843 pag.
1408 4761 1476 4824 487.
1494 4764 1537 4825 be
1552 4765 1601 4826 Ci-

120 4850 412 4929 sterciensibuspag.
424 4850 492 4911 353.
510 4851 554 4911 Dc
569 4850 713 4928 Epistolis
729 4856 908 4918 Pontificum
933 4865 965 4919 et
989 4859 1124 4919 bullariis
1141 4875 1207 4939 pag.
1222 4856 1292 4920 273.
1311 4858 1353 4918 bc
1370 4857 1600 4919 concordantiis

120 4942 240 5004 biblicis
260 4960 325 5023 pag.
347 4941 413 5005 377.
436 4960 499 5022 seq.
523 4944 592 5006 382.
614 4945 655 5006 lle
677 4947 775 5009 bottis
801 4952 995 5030 extemporali
1028 4953 1169 5014 breuitate
1196 4952 1328 5013 carmina
1362 4950 1504 5014 tundendi
1536 4953 1600 5033 pol-
