3458 5332
677 336 1005 405 4664644466
1550 347 1590 411 si

126 452 363 531 4464644468,
378 453 496 517 64444444
511 453 692 533 Syracusani
709 453 815 531 Filios,
869 460 971 535 eerpta
991 470 1030 515 ex
1051 450 1139 515 libris
1159 454 1240 517 44444
1261 462 1365 520 cortina
1392 458 1595 539 Phantasma,

80 554 223 617 medicus
238 551 359 615 ilenriai
374 550 414 611 lV
438 549 642 629 imperatoris,
657 552 815 625 artemque
870 550 936 609 sire
954 555 1058 610 contra
1084 548 1298 626 Eutychianos
1315 553 1363 615 Ex
1380 550 1469 617 libris
1488 563 1521 619 et
1552 576 1595 621 ea

77 664 169 711 suam
187 644 307 709 Salerni
324 643 496 723 pmtessus,
512 642 540 701 si
555 640 687 721 Scipioni
707 640 816 703 444444-
868 641 1011 721 spionia
1028 641 1286 721 contraitriamt,
1302 662 1342 707 ox
1353 643 1430 708 libro
1445 646 1482 713 de
1497 649 1595 713 Citri-

77 742 127 803 lac
151 743 182 801 in
204 734 448 816 Antiquitatibus
464 734 636 795 Puteolanis
656 732 751 809 sides,
781 740 814 795 44
867 737 909 797 sti
922 736 1094 806 Dioshitatc.
1111 739 1157 799 64
1174 738 1317 799 &renone
1333 736 1369 801 (44
1386 741 1492 805 Natali
1511 742 1594 807 Caii-

77 836 160 897 alius
175 830 302 913 quidttm
322 836 412 910 pocta
426 828 618 905 Eholitanus,
634 834 731 889 metro
748 824 813 889 dal-
866 831 924 907 444,
940 830 976 892 de
994 830 1135 910 paccione
1160 830 1291 908 Domini,
1308 830 1357 894 die
1375 833 1477 915 prima
1497 843 1528 899 44
1544 838 1593 901 dia

74 942 152 991 nens
181 922 366 989 6444444444
395 920 563 1001 descripsit
581 921 661 987 Daca
680 920 811 983 Thomas
862 929 951 985 44444
965 923 1113 997 Paschae,
1130 923 1167 987 ds
1189 924 1382 989 adsumtione
1407 928 1540 1006 Domini,
1561 934 1593 995 in

73 1012 809 1085 lieinesiusindciausionevariarumhectiouum
862 1017 1048 1079 ordinatione
1063 1018 1216 1099 Episcopi,
1232 1020 1269 1081 44
1285 1020 1489 1101 Sonantque
1516 1026 1592 1089 Peo—

78 1134 147 1199 pag.
170 1115 241 1179 itt.
864 1118 982 1189 4444444,
998 1112 1139 1189 dolona,
1157 1112 1337 1177 deasceato
1352 1115 1451 1196 Elias,
1469 1118 1592 1182 indedi-

115 1208 288 1274 statutis
312 1204 496 1269 scutatus
522 1200 687 1274 thl'US,
715 1218 809 1282 napos
863 1205 1436 1287 cadonenrcianpetiiticiantn‚etex
1449 1228 1589 1277 sermono

74 1304 161 1367 hviti
177 1300 237 1365 hn.
256 1301 375 1363 Cllristi
392 1300 465 1373 455,
482 1296 540 1358 itti
554 1312 607 1376 per
624 1302 742 1375 septem
758 1298 808 1359 vol
861 1301 899 1362 dc
912 1299 1044 1361 6444444
1059 1304 1146 1382 nepe.
1161 1303 1209 1364 Ex
1226 1301 1363 1381 Ephiala
1378 1311 1483 1369 coldra
1503 1310 1587 1369 Fan-

73 1402 145 1459 oem
158 1412 285 1459 mensas
298 1394 317 1429 s
330 1392 534 1472 imperatoris,
547 1390 726 1457 Patrisvcro
739 1392 808 1452 laici
861 1401 954 1469 4444444,
968 1412 1007 1455 ex
1024 1392 1101 1455 libro
1124 1394 1161 1457 da
1189 1396 1315 1461 dHnisti
1332 1398 1505 1461 Nntrhitate.
1526 1402 1589 1464 Sir

75 1490 135 1553 444.
152 1488 214 1551 490
227 1490 259 1548 in
274 1486 541 1565 hrchiepiscnpsin
559 1482 721 1544 Viennensi
738 1499 809 1545 ⁸110-
861 1490 963 1552 mondi
980 1488 1090 1553 Avitus
1111 1491 1212 1551 lucem
1228 1494 1359 1570 primum
1377 1495 1453 1556 vidit
1468 1498 1588 1557 Parisiis

71 1598 193 1661 ccssor,
207 1576 666 1663 praeiuitilonciliollpaancnsi
678 1575 807 1640 444647
863 1582 955 1658 4643,
975 1582 1004 1643 8.
1031 1589 1113 1643 tomo
1133 1583 1267 1645 44444444
1296 1586 1363 1648 lior.
1384 1588 1495 1667 Oposo.
1518 1589 1587 1651 indn

72 1676 219 1757 diemque
234 1675 308 1756 obiit
318 1672 408 1735 Anno
423 1672 492 1733 523.
506 1673 550 1732 Ds
562 1686 598 1733 so
611 1677 731 1749 practer
743 1670 806 1732 cdi-
859 1694 967 1740 recusa
986 1682 1069 1737 tomo
1086 1677 1127 1739 lll
1144 1676 1215 1737 edit.
1231 1679 1354 1740 Patrum
1382 1681 1475 1760 lugd.
1498 1682 1587 1759 4677,

70 1778 156 1833 tores
171 1767 315 1833 adeunda
328 1766 404 1829 hcta
417 1766 596 1828 Sanctarum
610 1766 630 1827 6
643 1764 804 1843 Februarii,
859 1770 1010 1834 sirmondi
1026 1771 1125 1848 opera
1141 1770 1233 1846 Paris,
1250 1772 1328 1833 4696
1342 1772 1391 1834 iol.
1406 1774 1436 1834 in
1453 1793 1585 1855 quorum

71 1870 147 1925 torn.
161 1864 176 1925 4
190 1878 258 1943 pag.
274 1861 335 1921 669
346 1876 412 1939 sqq.
427 1856 604 1928 Dciodaois
616 1874 672 1937 per
680 1856 805 1921 Avitum
859 1872 942 1925 tomo
957 1862 1091 1925 44444444
1107 1863 1213 1924 melior
1231 1862 1314 1925 hviti
1340 1868 1474 1947 Operum
1494 1868 1586 1931 aditio

70 1958 258 2039 Episcopum
272 1954 447 2019 Arvernum
458 1950 498 2014 ad
507 1952 666 2014 Cllristum
680 1968 807 2013 4444444-
860 1956 1000 2033 hahctor,
1028 1957 1192 2017 novissimo
1220 1974 1327 2020 recusa
1351 1968 1426 2022 sunt
1453 1963 1586 2027 llouctiis

71 2052 118 2113 sis
139 2050 312 2112 venantius
335 2048 520 2109 Fortunatus
536 2043 609 2105 libro
625 2046 651 2107 ll
665 2045 806 2107 Carmina
863 2052 939 2115 4749
957 2051 1006 2113 iol.
1021 2052 1156 2129 quinqua
1172 2050 1393 2115 voluminibus

79 2148 110 2223 6,
123 2145 176 2223 qui
192 2144 286 2205 etiam
300 2141 386 2223 plura
408 2141 438 2200 in
452 2139 534 2201 hviti
555 2138 675 2201 laudem
694 2139 745 2201 lib.
766 2141 805 2201 lll
900 2144 1092 2209 incutitis
1109 2142 1182 2205 vitia
1202 2142 1331 2207 Flaccos
1350 2145 1523 2213 insilitis

71 2238 217 2301 Carmina
229 2236 271 2298 66
285 2252 371 2315 mqq.
381 2234 426 2295 64
442 2234 565 2313 scriptis
577 2238 610 2293 44
624 2232 805 2295 editionibus
899 2237 1152 2303 inusitatius
1162 2238 1303 2319 nisyron
1317 2241 1451 2303 llonachi
1462 2244 1585 2309 Clunia·

73 2328 143 2411 ejus
157 2330 228 2391 nolo
242 2335 394 2410 repetere,
404 2344 482 2407 quac
499 2328 602 2388 notari
616 2327 647 2389 in
659 2326 690 2387 in
701 2326 808 2391 Biblio-
859 2350 981 2411 mnam,
992 2350 1093 2414 prosa,
1104 2332 1251 2413 inqrersis
1260 2334 1444 2398 canninibus
1455 2342 1584 2420 scripna-

72 2424 164 2487 thano
181 2426 289 2485 Latina
303 2423 352 2499 lv,
369 2422 390 2485 4
407 2428 440 2485 ct
451 2437 530 2499 quac
549 2418 631 2501 apud
641 2422 806 2500 Leyscrum
860 2446 894 2490 44
911 2426 1008 2489 Vitam
1027 2426 1154 2489 hbbatls
1178 2426 1224 2487 soi
1249 2426 1281 2487 6
1298 2424 1414 2509 ltajoli,
1429 2432 1481 2509 qui
1504 2432 1582 2496 idem

75 2519 106 2579 in
122 2516 256 2581 Historia
268 2518 428 2578 Doctorum
441 2512 532 2576 medii
545 2514 614 2575 nevi
626 2529 694 2593 nng-
714 2511 754 2575 ⁸7
773 2518 807 2575 ei
860 2521 933 2583 obiit
961 2518 1050 2583 huno
1066 2518 1184 2583 Cllristi
1211 2520 1280 2581 994.
1301 2520 1413 2584 Exstat
1438 2526 1468 2585 in
1497 2525 1583 2590 44444

72 2614 212 2676 caveum
228 2611 365 2690 aliosque
379 2609 515 2689 exposita
528 2614 617 2679 sunt,
629 2607 681 2687 qui
696 2606 727 2667 in
741 2622 807 2669 aar·
860 2614 1040 2676 Sanctorum
1057 2615 1091 2675 44
1123 2610 1191 2693 llaji
1211 2618 1285 2673 tom.
1304 2612 1331 2675 ll
1347 2632 1414 2696 plag,
1442 2618 1511 2681 668.
1540 2622 1584 2683 lin

70 2704 207 2769 minibus
221 2702 292 2783 cius
303 2704 399 2765 sacris
410 2700 481 2781 jure
501 2702 609 2763 merito
621 2718 734 2763 venam
753 2700 806 2761 dn·
858 2708 964 2787 ltajolo
972 2708 1023 2769 illo
1032 2706 1103 2769 vids
1119 2707 1332 2771 bibliothecam
1342 2710 1583 2794 cluniacensem,

65 2792 802 2879 cumoxpeditamqoecelebrant-illudebeant·
855 2808 888 2863 44
903 2800 1042 2864 Andreae
1058 2798 1100 2862 du
1115 2800 1236 2863 chesne
1251 2800 1289 2863 ad
1307 2803 1391 2865 illum
1407 2812 1496 2867 notas
1515 2824 1582 2889 pag.

65 2900 107 2963 444
119 2892 192 2955 alibi
202 2892 294 2970 juvat
306 2890 485 2969 adiungam,
509 2888 590 2967 qnod
616 2890 647 2951 io
667 2888 801 2969 Epistola
855 2896 896 2957 46
911 2911 996 2973 seqq.
1017 2900 1049 2955 et
1068 2892 1107 2955 da
1123 2894 1202 2972 Syro
1221 2900 1254 2954 44
1273 2892 1440 2975 hdoholdo,
1457 2900 1580 2978 layseri
1682 2968 1688 2979 ,

64 2986 149 3049 44444
162 2984 301 3049 4444444444
313 2988 347 3045 44
360 2984 449 3045 tortia
459 2986 624 3044 occurrunt
634 2981 801 3060 fragmenti
857 2988 1012 3061 historiam
1022 2992 1180 3067 pontoium
1189 2985 1279 3047 4444444
1290 2989 1358 3049 aaut
1367 3006 1435 3069 pag.
1443 2990 1505 3053 289
1515 3008 1579 3073 seq.

65 3096 106 3143 44
119 3076 201 3141 libro
217 3079 286 3161 ejus
300 3075 339 3139 da
353 3075 580 3139 lnoornationa:
598 3074 712 3139 Deinde
723 3074 801 3153 irog-
895 3079 1192 3155 hLDlililthNtlS,
1206 3077 1299 3154 idest,
1315 3078 1491 3147 Senatanus
1506 3086 1555 3148 vir
1569 3130 1577 3162 ,

67 3180 173 3235 menta
187 3169 307 3235 onias
318 3169 479 3235 Dmirn’tatc
489 3168 624 3250 84444444
633 3168 800 3233 84444444-
855 3174 1067 3250 londinensis,
1080 3190 1099 3233 a
1113 3172 1202 3233 64444
1217 3172 1270 3249 444,
1282 3172 1321 3234 ts
1340 3180 1372 3234 et
1392 3170 1490 3236 Pitseo
1509 3194 1577 3257 pag.

65 3264 112 3327 dit
125 3265 271 3328 Balozius
291 3272 364 3326 tam.
386 3267 398 3327 4
419 3264 542 3327 44444444.
571 3281 641 3345 pag.
663 3265 731 3325 364.
752 3263 799 3325 lix
853 3268 914 3331 644
930 3267 1099 3329 celebratur
1116 3267 1206 3327 Potta
1220 3264 1355 3339 curialis,
1374 3266 1580 3331 diversorum-

67 3356 208 3422 llomiliis
223 3357 261 3420 ds
275 3356 496 3445 4494464444,
511 3356 546 3397 *¹¹
569 3374 647 3437 quas
664 3364 735 3419 antc
755 3357 799 3419 44
854 3379 915 3441 quo
930 3362 1100 3423 carminum
1113 3364 1218 3421 auctor
1234 3359 1375 3436 traditur,
1392 3358 1511 3437 dubito,
1526 3362 1582 3423 Lu-

65 3462 152 3517 ctum
165 3452 341 3515 hscasioois
361 3454 458 3515 tribus
479 3452 586 3517 diebus
605 3450 800 3513 celebrandos
854 3459 987 3518 tinorum
1003 3471 1042 3525 44
1063 3452 1305 3515 vernaculorum.
1321 3454 1426 3533 licque
1439 3456 1521 3517 enirn
1541 3474 1581 3520 ex

68 3550 247 3609 instituerat
256 3546 800 3627 llamertosEpiscopusViennensis,
856 3551 929 3613 lilio
944 3546 1076 3627 Gymldo
1093 3545 1131 3608 44
1148 3547 1246 3607 Potitio
1267 3544 1323 3609 hcc
1339 3548 1469 3611 44444444
1488 3567 1507 3612 4
1527 3553 1583 3613 64-

66 3640 118 3703 itta
130 3656 212 3721 quas
226 3640 345 3721 incipit:
360 3639 469 3703 6444444
482 3638 604 3721 4444444444
620 3638 742 3701 tramite
757 3638 803 3703 tti-
856 3646 915 3720 leo,
931 3648 968 3705 ut
981 3638 1061 3703 aliud
1073 3654 1167 3719 ageos
1183 3640 1304 3719 scripsit
1317 3646 1424 3703 auctor
1435 3642 1582 3706 Historiae

66 3732 136 3810 tali,
151 3750 213 3797 non
230 3734 319 3796 modo
334 3736 363 3795 in
378 3734 461 3799 hvtti
482 3734 664 3796 editionibus
679 3734 801 3813 saepius
854 3740 1014 3800 Poetarum
1035 3732 1125 3795 modii
1141 3734 1208 3793 aovi
1221 3750 1251 3812 p.
1269 3734 1328 3796 446
1345 3734 1397 3797 scd
1418 3752 1458 3799 ax
1475 3737 1584 3817 Sylva-

66 3830 146 3891 vidit
167 3826 456 3905 incommonitum
473 3830 504 3889 in
520 3827 703 3891 llihliotheca
724 3827 802 3889 Con·
856 3833 912 3893 stri
922 3827 1034 3890 Giraldi
1049 3826 1171 3905 spemin
1182 3826 1336 3889 6444444444
1349 3829 1399 3889 lib.
1413 3830 1440 3890 44
1453 3846 1511 3911 cap
1531 3832 1580 3893 io.

66 3926 231 3995 cionatoria
244 3922 511 3997 contaminatio
523 3918 609 3983 44444
620 3920 800 3990 sanctolum
895 3920 1141 3997 munituna,
1161 3916 1326 3995 ridebatis,
1345 3919 1510 3999 4444444444,
1530 3922 1584 3984 44-

65 4020 109 4081 xi
122 4016 192 4096 itaji
208 4032 276 4097 pag.
291 4015 361 4077 664.
376 4015 475 4077 Aliam
494 4030 568 4079 vero
590 4012 742 4075 homiliam
760 4012 803 4077 4-
854 4016 996 4095 theinnan,
1012 4012 1146 4093 hnglus,
1159 4012 1197 4073 44
1212 4014 1304 4091 Regia
1321 4014 1387 4073 lsaa
1402 4014 1466 4075 644
1487 4018 1581 4079 Saxo
1609 4000 1625 4023 ⁴

66 4114 122 4173 viti
135 4113 167 4173 in
181 4112 286 4173 444443
300 4112 332 4172 44
345 4108 548 4187 rogationibus
557 4104 651 4169 edidit
662 4106 799 4171 Edmun·
855 4128 929 4174 num
946 4108 1071 4183 iamiiia,
1088 4124 1127 4168 cx
1139 4104 1283 4167 4444444444
1297 4104 1494 4184 Daldunensi,
1515 4111 1582 4171 sivo

66 4204 126 4269 dus
137 4206 273 4275 44444444
289 4204 399 4264 4444444
413 4202 560 4266 Thesauri
573 4198 797 4263 huocdotorum
851 4202 1111 4270 malmesburiensi
1131 4199 1233 4262 hhbas
1256 4197 1343 4261 Anno
1374 4200 1491 4262 Cllristi
1511 4204 1580 4263 666.

66 4316 131 4379 pag.
148 4299 187 4361 49
204 4314 284 4377 quaa
297 4298 415 4376 incipit:
440 4294 581 4375 baptisans
609 4294 642 4355 in
660 4294 798 4361 Historia
852 4306 884 4362 44
896 4300 1013 4379 primus
1033 4293 1112 4375 opud
1127 4296 1264 4357 64444444
1277 4291 1489 4355 Occidentalis
1508 4294 1580 4373 Epi-

68 4396 189 4473 hmani.
204 4394 252 4453 lix
269 4391 337 4453 aliis
346 4390 398 4452 dio
413 4391 526 4470 primo,
540 4387 674 4452 soconda
687 4392 720 4449 ot
737 4393 798 4449 444-
850 4410 961 4473 scopos
987 4390 1043 4452 hn.
1066 4389 1125 4451 766
1146 4387 1395 4462 Shirburncnsis,
1416 4387 1579 4451 deiunctus

69 4488 336 4567 tinitogationun,
353 4485 524 4563 inagmeuta
537 4484 672 4549 servavit
691 4482 797 4545 Florus
849 4486 939 4551 Anno
959 4485 1028 4546 749.
1059 4483 1134 4543 Vide
1153 4480 1230 4543 4444
1251 4482 1430 4543 Sanctorum
1451 4481 1492 4543 26
1511 4480 1580 4561 ltaji

71 4580 221 4641 Diaconos
234 4578 329 4659 Lugd.
343 4580 377 4639 in
393 4576 477 4639 Pauli
495 4576 660 4655 Ephialta,
685 4586 762 4653 quac
778 4592 797 4637 u
851 4588 923 4642 tom.
934 4580 974 4641 Vl
991 4596 1057 4657 pag.
1075 4574 1115 4638 77
1129 4592 1302 4654 quanquam
1316 4575 1423 4635 tit-ulus
1439 4574 1579 4637 44444444

72 4674 228 4737 Sinuondo
241 4672 307 4753 44444
322 4672 446 4751 vulgato
459 4676 544 4747 sunt,
559 4668 610 4731 ubi
626 4670 719 4731 4444444
743 4686 798 4731 ox·
852 4671 942 4747 beati,
957 4690 1017 4751 quo
1037 4670 1217 4732 hldhalmos
1232 4668 1317 4729 venit
1341 4668 1371 4727 in
1392 4668 1573 4731 bibliotheca

850 4770 989 4842 Petrum,
1005 4766 1036 4825 in
1051 4764 1148 4825 indice
1162 4762 1372 4843 expurgatorio
1382 4760 1577 4823 6444444444-

109 4845 194 4897 'm
205 4842 488 4907 mmmmm
497 4845 563 4929 Μ’.
576 4840 689 4917 117444·
698 4838 738 4893 ⁰⁹·
746 4850 801 4903 Μ·
848 4877 889 4922 no
897 4860 1089 4937 expungitur.
1100 4853 1250 4935 qusqnm
1259 4849 1370 4935 anceps
1379 4853 1576 4933 antiquarum

109 4920 133 4951 ¹¹
150 4924 185 4971 64
202 4920 243 4973 his
259 4923 369 4969 ioannes
380 4922 473 4969 644444
489 4918 522 4969 ad
538 4916 636 4967 44444444
646 4912 800 4979 tpalttntris
994 4954 1000 4964 .
1022 4952 1028 4964 .
1251 4951 1258 4963 .
1362 4950 1368 4969 .
1440 4949 1454 4981 ·.

70 4992 112 5047 tib.
126 4996 144 5045 1
160 4996 244 5061 iiptst.
261 4992 285 5045 4.
303 4996 429 5049 tarentus
441 4994 475 5047 44
491 4990 652 5059 1444444144.
677 4994 749 5043 item.
765 4988 798 5040 44
848 4968 957 5017 ”mm
971 4951 1082 5013 ‘¹¹⁰¹th
1097 4966 1116 5011 θ
1130 4949 1277 5012 Sfllmffiw
1292 4946 1332 5009 ad
1349 4950 1497 5027 bidmin-
1508 4964 1576 5025 ins·

854 5046 914 5111 647
931 5046 981 5111 obi
999 5042 1204 5125 apographum
1220 5046 1290 5127 ejus
1310 5058 1349 5106 ex
1368 5040 1577 5105 vetustissimo
