<?xml version="1.0" encoding="UTF-8"?>
<!DOCTYPE html PUBLIC "-//W3C//DTD XHTML 1.0 Transitional//EN"
    "http://www.w3.org/TR/xhtml1/DTD/xhtml1-transitional.dtd">
<html xmlns="http://www.w3.org/1999/xhtml" xml:lang="en" lang="en">
 <head>
  <title>
</title>
<meta http-equiv="Content-Type" content="text/html;charset=utf-8" />
  <meta name='ocr-system' content='tesseract 3.04.00' />
  <meta name='ocr-capabilities' content='ocr_page ocr_carea ocr_par ocr_line ocrx_word'/>
</head>
<body>
  <div class='ocr_page' id='page_1' title='image "./bibliothecalati00gallgoog/bibliothecalati00gallgoog_0043.png"; bbox 0 0 3458 5332; ppageno 0'>
   <div class='ocr_carea' id='block_1_1' title="bbox 128 283 1639 656">
    <p class='ocr_par' dir='ltr' id='par_1_1' title="bbox 128 283 1637 656">
     <span class='ocr_line' id='line_1_1' title="bbox 765 283 996 345; baseline -0.004 0"><span class='ocrx_word' id='word_1_1' title='bbox 765 283 790 344; x_wconf 77' lang='grc' dir='ltr'>Α</span> <span class='ocrx_word' id='word_1_2' title='bbox 809 283 835 345; x_wconf 85' lang='lat' dir='ltr'>b</span> <span class='ocrx_word' id='word_1_3' title='bbox 850 285 875 345; x_wconf 80' lang='grc'>,4</span> <span class='ocrx_word' id='word_1_4' title='bbox 892 284 921 345; x_wconf 98' lang='grc' dir='ltr'><strong>Μ</strong></span> <span class='ocrx_word' id='word_1_5' title='bbox 936 284 960 345; x_wconf 77' lang='lat' dir='ltr'>t&#39;</span> <span class='ocrx_word' id='word_1_6' title='bbox 976 284 996 344; x_wconf 83' lang='grc'><strong>8</strong></span> 
     </span>
     <span class='ocr_line' id='line_1_2' title="bbox 128 294 1639 479; baseline -0.003 -19"><span class='ocrx_word' id='word_1_7' title='bbox 128 294 249 471; x_wconf 66' lang='grc'><strong>4446466,</strong></span> <span class='ocrx_word' id='word_1_8' title='bbox 265 393 457 457; x_wconf 87' lang='lat' dir='ltr'>Lelandusc.</span> <span class='ocrx_word' id='word_1_9' title='bbox 472 393 531 452; x_wconf 72' lang='lat'>208</span> <span class='ocrx_word' id='word_1_10' title='bbox 545 398 768 453; x_wconf 89' lang='lat' dir='ltr'>commemorat.</span> <span class='ocrx_word' id='word_1_11' title='bbox 784 393 856 453; x_wconf 81' lang='lat' dir='ltr'>Pot-</span> <span class='ocrx_word' id='word_1_12' title='bbox 912 392 1032 454; x_wconf 80' lang='grc'><strong>0466646</strong></span> <span class='ocrx_word' id='word_1_13' title='bbox 1046 391 1223 472; x_wconf 72' lang='grc'><strong>86644696,</strong></span> <span class='ocrx_word' id='word_1_14' title='bbox 1238 393 1272 479; x_wconf 83' lang='grc'>6)</span> <span class='ocrx_word' id='word_1_15' title='bbox 1287 395 1379 469; x_wconf 85' lang='lat' dir='ltr'>quem</span> <span class='ocrx_word' id='word_1_16' title='bbox 1393 392 1546 470; x_wconf 83' lang='lat' dir='ltr'>proferri</span> <span class='ocrx_word' id='word_1_17' title='bbox 1540 411 1570 452; x_wconf 86' lang='grc' dir='ltr'>ιιι</span> <span class='ocrx_word' id='word_1_18' title='bbox 1593 394 1639 455; x_wconf 89' lang='lat' dir='ltr'>lu-</span> 
     </span>
     <span class='ocr_line' id='line_1_3' title="bbox 129 483 1637 583; baseline -0.003 -32"><span class='ocrx_word' id='word_1_19' title='bbox 129 489 210 551; x_wconf 84' lang='lat' dir='ltr'>titloc</span> <span class='ocrx_word' id='word_1_20' title='bbox 227 487 333 550; x_wconf 82' lang='lat' dir='ltr'>breves</span> <span class='ocrx_word' id='word_1_21' title='bbox 347 501 440 565; x_wconf 82' lang='lat' dir='ltr'>sopor</span> <span class='ocrx_word' id='word_1_22' title='bbox 463 487 549 546; x_wconf 80' lang='lat' dir='ltr'>Vetus</span> <span class='ocrx_word' id='word_1_23' title='bbox 570 488 600 552; x_wconf 86' lang='lat' dir='ltr'>ot</span> <span class='ocrx_word' id='word_1_24' title='bbox 617 483 735 545; x_wconf 81' lang='lat' dir='ltr'>Novum</span> <span class='ocrx_word' id='word_1_25' title='bbox 758 484 856 544; x_wconf 78' lang='grc'><strong>76646-</strong></span> <span class='ocrx_word' id='word_1_26' title='bbox 909 505 975 548; x_wconf 90' lang='lat' dir='ltr'>cem</span> <span class='ocrx_word' id='word_1_27' title='bbox 1009 489 1177 578; x_wconf 46' lang='lat' dir='ltr'>optabunt·</span> <span class='ocrx_word' id='word_1_28' title='bbox 1183 502 1303 583; x_wconf 79' lang='lat' dir='ltr'>mecum</span> <span class='ocrx_word' id='word_1_29' title='bbox 1330 483 1437 547; x_wconf 88' lang='lat' dir='ltr'>harum</span> <span class='ocrx_word' id='word_1_30' title='bbox 1467 485 1637 546; x_wconf 87' lang='lat' dir='ltr'>litterarum</span> 
     </span>
     <span class='ocr_line' id='line_1_4' title="bbox 130 576 1043 656; baseline -0.006 -12"><span class='ocrx_word' id='word_1_31' title='bbox 130 587 262 644; x_wconf 80' lang='lat' dir='ltr'>meatum</span> <span class='ocrx_word' id='word_1_32' title='bbox 281 580 381 642; x_wconf 83' lang='lat' dir='ltr'>ldStae</span> <span class='ocrx_word' id='word_1_33' title='bbox 402 576 632 656; x_wconf 69' lang='lat' dir='ltr'>cantabrigiae</span> <span class='ocrx_word' id='word_1_34' title='bbox 625 593 655 637; x_wconf 87' lang='lat' dir='ltr'>rn</span> <span class='ocrx_word' id='word_1_35' title='bbox 669 576 801 656; x_wconf 86' lang='lat' dir='ltr'>Collegio</span> <span class='ocrx_word' id='word_1_36' title='bbox 822 579 853 638; x_wconf 90' lang='lat' dir='ltr'>S.</span> <span class='ocrx_word' id='word_1_37' title='bbox 908 581 1043 641; x_wconf 82' lang='lat' dir='ltr'><strong>studiosi.</strong></span> 
     </span>
    </p>
   </div>
   <div class='ocr_carea' id='block_1_2' title="bbox 128 671 1638 844">
    <p class='ocr_par' dir='ltr' id='par_1_2' title="bbox 128 671 1638 844">
     <span class='ocr_line' id='line_1_5' title="bbox 128 671 1638 750; baseline -0.001 -13"><span class='ocrx_word' id='word_1_38' title='bbox 128 673 291 737; x_wconf 82' lang='lat' dir='ltr'>Benedicti</span> <span class='ocrx_word' id='word_1_39' title='bbox 948 672 1036 735; x_wconf 86' lang='lat' dir='ltr'>Edita</span> <span class='ocrx_word' id='word_1_40' title='bbox 1050 674 1180 750; x_wconf 92' lang='lat' dir='ltr'>primum</span> <span class='ocrx_word' id='word_1_41' title='bbox 1205 671 1313 734; x_wconf 81' lang='lat' dir='ltr'>Adami</span> <span class='ocrx_word' id='word_1_42' title='bbox 1337 672 1467 733; x_wconf 81' lang='lat' dir='ltr'>Historia</span> <span class='ocrx_word' id='word_1_43' title='bbox 1487 673 1638 736; x_wconf 84' lang='lat' dir='ltr'>Ecclesia-</span> 
     </span>
     <span class='ocr_line' id='line_1_6' title="bbox 166 762 1637 844; baseline 0 -16"><span class='ocrx_word' id='word_1_44' title='bbox 166 764 519 844; x_wconf 78' lang='lat' dir='ltr'>hBhblUSdeBosrejo,</span> <span class='ocrx_word' id='word_1_45' title='bbox 534 765 703 826; x_wconf 89' lang='lat' dir='ltr'>Canonicus</span> <span class='ocrx_word' id='word_1_46' title='bbox 717 765 856 825; x_wconf 85' lang='lat' dir='ltr'>insulen-</span> <span class='ocrx_word' id='word_1_47' title='bbox 908 768 983 826; x_wconf 87' lang='lat' dir='ltr'>stica</span> <span class='ocrx_word' id='word_1_48' title='bbox 1004 765 1109 825; x_wconf 78' lang='lat' dir='ltr'>catab</span> <span class='ocrx_word' id='word_1_49' title='bbox 1129 763 1253 825; x_wconf 76' lang='grc'><strong>466666</strong></span> <span class='ocrx_word' id='word_1_50' title='bbox 1279 763 1422 826; x_wconf 77' lang='lat' dir='ltr'>Seuerou</span> <span class='ocrx_word' id='word_1_51' title='bbox 1447 762 1545 826; x_wconf 80' lang='lat' dir='ltr'>l&#39;elteo</span> <span class='ocrx_word' id='word_1_52' title='bbox 1567 768 1637 828; x_wconf 86' lang='grc'><strong>4464-</strong></span> 
     </span>
    </p>
   </div>
   <div class='ocr_carea' id='block_1_3' title="bbox 27 857 1635 1034">
    <p class='ocr_par' dir='ltr' id='par_1_3' title="bbox 27 857 1635 1034">
     <span class='ocr_line' id='line_1_7' title="bbox 27 857 1634 938; baseline -0.001 -16"><span class='ocrx_word' id='word_1_53' title='bbox 27 869 38 890; x_wconf 87' lang='grc'>’</span> <span class='ocrx_word' id='word_1_54' title='bbox 127 858 291 938; x_wconf 76' lang='lat' dir='ltr'>sis,oujus</span> <span class='ocrx_word' id='word_1_55' title='bbox 318 859 424 921; x_wconf 90' lang='lat' dir='ltr'>ludum</span> <span class='ocrx_word' id='word_1_56' title='bbox 453 857 624 936; x_wconf 80' lang='lat' dir='ltr'>rhythmice</span> <span class='ocrx_word' id='word_1_57' title='bbox 654 858 853 934; x_wconf 91' lang='lat' dir='ltr'>compositum</span> <span class='ocrx_word' id='word_1_58' title='bbox 909 860 987 935; x_wconf 89' lang='lat' dir='ltr'>niae,</span> <span class='ocrx_word' id='word_1_59' title='bbox 1017 857 1094 920; x_wconf 86' lang='grc'><strong>4670</strong></span> <span class='ocrx_word' id='word_1_60' title='bbox 1123 857 1141 918; x_wconf 84' lang='grc'>4</span> <span class='ocrx_word' id='word_1_61' title='bbox 1166 875 1204 918; x_wconf 81' lang='lat' dir='ltr'>ex</span> <span class='ocrx_word' id='word_1_62' title='bbox 1229 859 1288 918; x_wconf 86' lang='lat' dir='ltr'>tls.</span> <span class='ocrx_word' id='word_1_63' title='bbox 1313 857 1455 920; x_wconf 90' lang='lat' dir='ltr'>Coenobii</span> <span class='ocrx_word' id='word_1_64' title='bbox 1474 860 1634 933; x_wconf 80' lang='lat' dir='ltr'>sorensis,</span> 
     </span>
     <span class='ocr_line' id='line_1_8' title="bbox 29 947 1635 1034; baseline -0.002 -18"><span class='ocrx_word' id='word_1_65' title='bbox 29 958 31 962; x_wconf 79' lang='grc'><em>’</em></span> <span class='ocrx_word' id='word_1_66' title='bbox 72 949 78 957; x_wconf 72' lang='grc'><strong>“</strong></span> <span class='ocrx_word' id='word_1_67' title='bbox 126 950 557 1034; x_wconf 81' lang='lat' dir='ltr'>snperldag.lllanidelnsnlis</span> <span class='ocrx_word' id='word_1_68' title='bbox 566 947 852 1010; x_wconf 75' lang='lat' dir='ltr'>AntiClaudianum</span> <span class='ocrx_word' id='word_1_69' title='bbox 905 952 1016 1013; x_wconf 89' lang='lat' dir='ltr'>additis</span> <span class='ocrx_word' id='word_1_70' title='bbox 1028 952 1160 1031; x_wconf 91' lang='lat' dir='ltr'>capitum</span> <span class='ocrx_word' id='word_1_71' title='bbox 1174 953 1373 1030; x_wconf 87' lang='lat' dir='ltr'>argumentis,</span> <span class='ocrx_word' id='word_1_72' title='bbox 1391 951 1582 1030; x_wconf 81' lang='lat' dir='ltr'><strong>scholiisque,</strong></span> <span class='ocrx_word' id='word_1_73' title='bbox 1603 960 1635 1013; x_wconf 89' lang='lat' dir='ltr'>et</span> 
     </span>
    </p>
   </div>
   <div class='ocr_carea' id='block_1_4' title="bbox 112 1041 1661 4834">
    <p class='ocr_par' dir='ltr' id='par_1_4' title="bbox 112 1041 1661 4834">
     <span class='ocr_line' id='line_1_9' title="bbox 126 1041 1635 1119; baseline -0.002 -11"><span class='ocrx_word' id='word_1_74' title='bbox 126 1043 392 1108; x_wconf 89' lang='lat' dir='ltr'>laudatSanderus</span> <span class='ocrx_word' id='word_1_75' title='bbox 406 1046 437 1104; x_wconf 91' lang='lat' dir='ltr'>in</span> <span class='ocrx_word' id='word_1_76' title='bbox 451 1041 634 1104; x_wconf 78' lang='lat' dir='ltr'>Bibliotheca</span> <span class='ocrx_word' id='word_1_77' title='bbox 643 1041 761 1119; x_wconf 78' lang='lat' dir='ltr'>Belgica</span> <span class='ocrx_word' id='word_1_78' title='bbox 770 1041 853 1103; x_wconf 87' lang='grc'><strong>44846</strong></span> <span class='ocrx_word' id='word_1_79' title='bbox 907 1046 1058 1107; x_wconf 87' lang='lat' dir='ltr'>nonnullis</span> <span class='ocrx_word' id='word_1_80' title='bbox 1085 1047 1175 1108; x_wconf 88' lang='lat' dir='ltr'>etiam</span> <span class='ocrx_word' id='word_1_81' title='bbox 1196 1061 1235 1105; x_wconf 80' lang='lat' dir='ltr'>ex</span> <span class='ocrx_word' id='word_1_82' title='bbox 1258 1043 1363 1105; x_wconf 89' lang='lat' dir='ltr'>eodem</span> <span class='ocrx_word' id='word_1_83' title='bbox 1377 1043 1488 1106; x_wconf 86' lang='lat' dir='ltr'>Codice</span> <span class='ocrx_word' id='word_1_84' title='bbox 1508 1045 1567 1106; x_wconf 85' lang='grc'><strong>468.</strong></span> <span class='ocrx_word' id='word_1_85' title='bbox 1583 1045 1635 1105; x_wconf 89' lang='grc'>66-</span> 
     </span>
     <span class='ocr_line' id='line_1_10' title="bbox 125 1132 1661 1219; baseline 0.001 -19"><span class='ocrx_word' id='word_1_86' title='bbox 125 1158 190 1219; x_wconf 87' lang='lat' dir='ltr'>pag.</span> <span class='ocrx_word' id='word_1_87' title='bbox 207 1138 273 1201; x_wconf 88' lang='grc'><strong>436.</strong></span> <span class='ocrx_word' id='word_1_88' title='bbox 287 1135 530 1199; x_wconf 73' lang='lat' dir='ltr'>AntiClaudiani</span> <span class='ocrx_word' id='word_1_89' title='bbox 556 1140 660 1196; x_wconf 84' lang='lat' dir='ltr'>auctor</span> <span class='ocrx_word' id='word_1_90' title='bbox 680 1132 760 1194; x_wconf 91' lang='lat' dir='ltr'>diem</span> <span class='ocrx_word' id='word_1_91' title='bbox 780 1133 852 1194; x_wconf 90' lang='lat' dir='ltr'>obiit</span> <span class='ocrx_word' id='word_1_92' title='bbox 905 1139 1031 1218; x_wconf 91' lang='lat' dir='ltr'>promtis</span> <span class='ocrx_word' id='word_1_93' title='bbox 1044 1137 1287 1199; x_wconf 79' lang='lat' dir='ltr'>annotationibtrs</span> <span class='ocrx_word' id='word_1_94' title='bbox 1316 1138 1423 1198; x_wconf 85' lang='lat' dir='ltr'>Postea</span> <span class='ocrx_word' id='word_1_95' title='bbox 1450 1137 1634 1199; x_wconf 89' lang='lat' dir='ltr'>emendatio-</span> <span class='ocrx_word' id='word_1_96' title='bbox 1659 1197 1661 1201; x_wconf 20' lang='lat'><strong>⁴</strong></span> 
     </span>
     <span class='ocr_line' id='line_1_11' title="bbox 127 1229 1632 1308; baseline -0.001 -16"><span class='ocrx_word' id='word_1_97' title='bbox 127 1231 163 1292; x_wconf 75' lang='lat' dir='ltr'>A.</span> <span class='ocrx_word' id='word_1_98' title='bbox 185 1233 219 1294; x_wconf 92' lang='lat' dir='ltr'>C.</span> <span class='ocrx_word' id='word_1_99' title='bbox 244 1230 331 1294; x_wconf 79' lang='lat' dir='ltr'>last.</span> <span class='ocrx_word' id='word_1_100' title='bbox 718 1250 721 1259; x_wconf 95' lang='lat'>·</span> <span class='ocrx_word' id='word_1_101' title='bbox 905 1248 970 1292; x_wconf 88' lang='lat' dir='ltr'>rem</span> <span class='ocrx_word' id='word_1_102' title='bbox 984 1233 1236 1308; x_wconf 80' lang='lat' dir='ltr'>integrioremque</span> <span class='ocrx_word' id='word_1_103' title='bbox 1253 1229 1357 1290; x_wconf 90' lang='lat' dir='ltr'>multis</span> <span class='ocrx_word' id='word_1_104' title='bbox 1371 1230 1444 1290; x_wconf 91' lang='lat' dir='ltr'>locis</span> <span class='ocrx_word' id='word_1_105' title='bbox 1457 1235 1489 1289; x_wconf 93' lang='lat' dir='ltr'>et</span> <span class='ocrx_word' id='word_1_106' title='bbox 1506 1229 1581 1291; x_wconf 91' lang='lat' dir='ltr'>libro</span> <span class='ocrx_word' id='word_1_107' title='bbox 1595 1231 1632 1291; x_wconf 88' lang='lat' dir='ltr'>de</span> 
     </span>
     <span class='ocr_line' id='line_1_12' title="bbox 163 1319 1632 1402; baseline -0.001 -16"><span class='ocrx_word' id='word_1_108' title='bbox 163 1322 320 1386; x_wconf 73' lang='grc'><strong>4444444448</strong></span> <span class='ocrx_word' id='word_1_109' title='bbox 333 1320 574 1402; x_wconf 77' lang='lat' dir='ltr'>Bercttgaais,</span> <span class='ocrx_word' id='word_1_110' title='bbox 589 1319 658 1382; x_wconf 89' lang='lat' dir='ltr'>vide</span> <span class='ocrx_word' id='word_1_111' title='bbox 672 1335 763 1398; x_wconf 88' lang='lat' dir='ltr'>supra</span> <span class='ocrx_word' id='word_1_112' title='bbox 772 1319 853 1379; x_wconf 83' lang='lat' dir='ltr'>Bor·</span> <span class='ocrx_word' id='word_1_113' title='bbox 905 1326 966 1385; x_wconf 89' lang='lat' dir='ltr'>situ</span> <span class='ocrx_word' id='word_1_114' title='bbox 979 1325 1090 1385; x_wconf 88' lang='lat' dir='ltr'>Daniae</span> <span class='ocrx_word' id='word_1_115' title='bbox 1104 1331 1227 1385; x_wconf 91' lang='lat' dir='ltr'>anctum</span> <span class='ocrx_word' id='word_1_116' title='bbox 1242 1323 1380 1401; x_wconf 85' lang='lat' dir='ltr'>vulgavit</span> <span class='ocrx_word' id='word_1_117' title='bbox 1393 1321 1544 1402; x_wconf 80' lang='lat' dir='ltr'>Brpoldus</span> <span class='ocrx_word' id='word_1_118' title='bbox 1563 1323 1632 1384; x_wconf 83' lang='lat' dir='ltr'>Liu-</span> 
     </span>
     <span class='ocr_line' id='line_1_13' title="bbox 124 1414 1631 1496; baseline 0 -19"><span class='ocrx_word' id='word_1_119' title='bbox 124 1415 301 1496; x_wconf 75' lang='lat' dir='ltr'>chioqcosis.</span> <span class='ocrx_word' id='word_1_120' title='bbox 904 1414 1085 1496; x_wconf 73' lang='grc'><strong>6666666466</strong></span> <span class='ocrx_word' id='word_1_121' title='bbox 1098 1434 1136 1478; x_wconf 83' lang='grc'>64</span> <span class='ocrx_word' id='word_1_122' title='bbox 1150 1416 1259 1480; x_wconf 91' lang='lat' dir='ltr'>Codice</span> <span class='ocrx_word' id='word_1_123' title='bbox 1272 1417 1332 1478; x_wconf 88' lang='grc' dir='ltr'><strong>Μ8.</strong></span> <span class='ocrx_word' id='word_1_124' title='bbox 1346 1417 1540 1479; x_wconf 82' lang='grc' dir='ltr'><strong>0446466644ιί</strong></span> <span class='ocrx_word' id='word_1_125' title='bbox 1562 1421 1631 1479; x_wconf 88' lang='lat' dir='ltr'>Pro-</span> 
     </span>
     <span class='ocr_line' id='line_1_14' title="bbox 162 1504 1629 1589; baseline -0.001 -18"><span class='ocrx_word' id='word_1_126' title='bbox 162 1508 319 1571; x_wconf 78' lang='grc'><strong>44444408</strong></span> <span class='ocrx_word' id='word_1_127' title='bbox 338 1507 375 1569; x_wconf 85' lang='lat' dir='ltr'>de</span> <span class='ocrx_word' id='word_1_128' title='bbox 396 1504 554 1588; x_wconf 77' lang='lat' dir='ltr'>Bocltsoid,</span> <span class='ocrx_word' id='word_1_129' title='bbox 576 1505 706 1567; x_wconf 81' lang='lat' dir='ltr'>lelando</span> <span class='ocrx_word' id='word_1_130' title='bbox 720 1505 851 1567; x_wconf 81' lang='grc'><strong>4466666-</strong></span> <span class='ocrx_word' id='word_1_131' title='bbox 903 1511 990 1572; x_wconf 88' lang='grc'><strong>64646</strong></span> <span class='ocrx_word' id='word_1_132' title='bbox 1010 1510 1151 1571; x_wconf 81' lang='lat' dir='ltr'>Cimbrici</span> <span class='ocrx_word' id='word_1_133' title='bbox 1171 1511 1289 1573; x_wconf 84' lang='grc' dir='ltr'><strong>4464ιί64</strong></span> <span class='ocrx_word' id='word_1_134' title='bbox 1315 1510 1469 1585; x_wconf 89' lang='lat' dir='ltr'>Banzovii,</span> <span class='ocrx_word' id='word_1_135' title='bbox 1492 1511 1629 1589; x_wconf 83' lang='lat' dir='ltr'>Lugduni</span> 
     </span>
     <span class='ocr_line' id='line_1_15' title="bbox 121 1598 1629 1682; baseline 0.001 -20"><span class='ocrx_word' id='word_1_136' title='bbox 121 1601 231 1682; x_wconf 75' lang='lat' dir='ltr'>seirius,</span> <span class='ocrx_word' id='word_1_137' title='bbox 252 1600 383 1681; x_wconf 79' lang='lat' dir='ltr'>Anglus,</span> <span class='ocrx_word' id='word_1_138' title='bbox 405 1601 526 1663; x_wconf 90' lang='lat' dir='ltr'>Ordinis</span> <span class='ocrx_word' id='word_1_139' title='bbox 549 1601 696 1661; x_wconf 89' lang='lat' dir='ltr'>llinorum</span> <span class='ocrx_word' id='word_1_140' title='bbox 720 1598 851 1659; x_wconf 92' lang='lat' dir='ltr'>Philoso-</span> <span class='ocrx_word' id='word_1_141' title='bbox 903 1606 1085 1665; x_wconf 86' lang='lat' dir='ltr'>Batavorum</span> <span class='ocrx_word' id='word_1_142' title='bbox 1101 1604 1187 1665; x_wconf 90' lang='grc'><strong>4696.</strong></span> <span class='ocrx_word' id='word_1_143' title='bbox 1203 1603 1231 1663; x_wconf 87' lang='grc'>4.</span> <span class='ocrx_word' id='word_1_144' title='bbox 1245 1604 1324 1663; x_wconf 90' lang='lat' dir='ltr'>llaec</span> <span class='ocrx_word' id='word_1_145' title='bbox 1340 1601 1431 1662; x_wconf 91' lang='lat' dir='ltr'>editio</span> <span class='ocrx_word' id='word_1_146' title='bbox 1445 1607 1572 1681; x_wconf 88' lang='lat' dir='ltr'>repetita</span> <span class='ocrx_word' id='word_1_147' title='bbox 1582 1613 1629 1664; x_wconf 93' lang='lat' dir='ltr'>est</span> 
     </span>
     <span class='ocr_line' id='line_1_16' title="bbox 122 1690 1630 1776; baseline 0.001 -21"><span class='ocrx_word' id='word_1_148' title='bbox 122 1694 285 1772; x_wconf 89' lang='lat' dir='ltr'>phus,Sec.</span> <span class='ocrx_word' id='word_1_149' title='bbox 296 1696 374 1757; x_wconf 85' lang='lat' dir='ltr'>xlv.</span> <span class='ocrx_word' id='word_1_150' title='bbox 389 1692 478 1773; x_wconf 88' lang='lat' dir='ltr'>cujus</span> <span class='ocrx_word' id='word_1_151' title='bbox 492 1695 730 1756; x_wconf 89' lang='lat' dir='ltr'>Commentarios</span> <span class='ocrx_word' id='word_1_152' title='bbox 744 1694 774 1751; x_wconf 94' lang='lat' dir='ltr'>in</span> <span class='ocrx_word' id='word_1_153' title='bbox 783 1690 851 1752; x_wconf 78' lang='lat' dir='ltr'>Ari·</span> <span class='ocrx_word' id='word_1_154' title='bbox 904 1699 1130 1776; x_wconf 83' lang='lat' dir='ltr'>inscriptorum</span> <span class='ocrx_word' id='word_1_155' title='bbox 1144 1696 1428 1775; x_wconf 84' lang='lat' dir='ltr'>Septentrionalium</span> <span class='ocrx_word' id='word_1_156' title='bbox 1443 1696 1570 1775; x_wconf 81' lang='lat' dir='ltr'>sylloge,</span> <span class='ocrx_word' id='word_1_157' title='bbox 1581 1716 1630 1758; x_wconf 79' lang='lat' dir='ltr'>eo</span> 
     </span>
     <span class='ocr_line' id='line_1_17' title="bbox 123 1783 1630 1869; baseline 0.002 -22"><span class='ocrx_word' id='word_1_158' title='bbox 123 1789 241 1849; x_wconf 90' lang='lat' dir='ltr'>stotelis</span> <span class='ocrx_word' id='word_1_159' title='bbox 256 1791 376 1867; x_wconf 82' lang='lat' dir='ltr'>Topica,</span> <span class='ocrx_word' id='word_1_160' title='bbox 394 1789 484 1848; x_wconf 88' lang='lat' dir='ltr'>libros</span> <span class='ocrx_word' id='word_1_161' title='bbox 505 1787 543 1847; x_wconf 90' lang='grc'>66</span> <span class='ocrx_word' id='word_1_162' title='bbox 563 1787 653 1846; x_wconf 90' lang='lat' dir='ltr'>Coelo</span> <span class='ocrx_word' id='word_1_163' title='bbox 673 1783 848 1863; x_wconf 70' lang='lat' dir='ltr'>et‘llundo,</span> <span class='ocrx_word' id='word_1_164' title='bbox 903 1791 971 1851; x_wconf 88' lang='lat' dir='ltr'>dom</span> <span class='ocrx_word' id='word_1_165' title='bbox 985 1789 1115 1869; x_wconf 89' lang='lat' dir='ltr'>Erpoldo</span> <span class='ocrx_word' id='word_1_166' title='bbox 1128 1794 1253 1850; x_wconf 91' lang='lat' dir='ltr'>curante</span> <span class='ocrx_word' id='word_1_167' title='bbox 1274 1789 1356 1866; x_wconf 75' lang='lat' dir='ltr'>typis</span> <span class='ocrx_word' id='word_1_168' title='bbox 1372 1790 1630 1851; x_wconf 88' lang='lat' dir='ltr'>Francoiurtensi-</span> 
     </span>
     <span class='ocr_line' id='line_1_18' title="bbox 122 1874 1627 1960; baseline 0.004 -21"><span class='ocrx_word' id='word_1_169' title='bbox 122 1881 159 1942; x_wconf 92' lang='lat' dir='ltr'>de</span> <span class='ocrx_word' id='word_1_170' title='bbox 174 1874 366 1960; x_wconf 78' lang='lat' dir='ltr'>generatione</span> <span class='ocrx_word' id='word_1_171' title='bbox 380 1887 411 1941; x_wconf 90' lang='lat' dir='ltr'>et</span> <span class='ocrx_word' id='word_1_172' title='bbox 424 1880 627 1958; x_wconf 84' lang='lat' dir='ltr'>corruptione,</span> <span class='ocrx_word' id='word_1_173' title='bbox 643 1895 698 1939; x_wconf 92' lang='lat' dir='ltr'>nec</span> <span class='ocrx_word' id='word_1_174' title='bbox 713 1895 771 1939; x_wconf 92' lang='grc'>666</span> <span class='ocrx_word' id='word_1_175' title='bbox 789 1881 850 1939; x_wconf 88' lang='lat' dir='ltr'>hle-</span> <span class='ocrx_word' id='word_1_176' title='bbox 902 1884 959 1945; x_wconf 90' lang='lat' dir='ltr'>bus</span> <span class='ocrx_word' id='word_1_177' title='bbox 973 1882 1029 1943; x_wconf 80' lang='lat' dir='ltr'>An.</span> <span class='ocrx_word' id='word_1_178' title='bbox 1046 1882 1123 1944; x_wconf 89' lang='grc'><strong>4609</strong></span> <span class='ocrx_word' id='word_1_179' title='bbox 1137 1887 1170 1942; x_wconf 85' lang='grc'>64</span> <span class='ocrx_word' id='word_1_180' title='bbox 1183 1881 1310 1958; x_wconf 86' lang='lat' dir='ltr'>repetita</span> <span class='ocrx_word' id='word_1_181' title='bbox 1323 1879 1380 1940; x_wconf 79' lang='grc'>44.</span> <span class='ocrx_word' id='word_1_182' title='bbox 1404 1883 1481 1942; x_wconf 89' lang='grc'><strong>4630</strong></span> <span class='ocrx_word' id='word_1_183' title='bbox 1512 1883 1558 1944; x_wconf 90' lang='grc'><strong>464.</strong></span> <span class='ocrx_word' id='word_1_184' title='bbox 1582 1885 1627 1945; x_wconf 84' lang='lat' dir='ltr'>Ab</span> 
     </span>
     <span class='ocr_line' id='line_1_19' title="bbox 121 1968 1628 2054; baseline 0.003 -21"><span class='ocrx_word' id='word_1_185' title='bbox 121 1980 273 2034; x_wconf 90' lang='lat' dir='ltr'>teororum</span> <span class='ocrx_word' id='word_1_186' title='bbox 282 1974 425 2035; x_wconf 85' lang='lat' dir='ltr'>ldStosse</span> <span class='ocrx_word' id='word_1_187' title='bbox 439 1971 548 2033; x_wconf 91' lang='lat' dir='ltr'>habere</span> <span class='ocrx_word' id='word_1_188' title='bbox 559 1975 689 2033; x_wconf 90' lang='lat' dir='ltr'>testatus</span> <span class='ocrx_word' id='word_1_189' title='bbox 698 1978 746 2031; x_wconf 91' lang='lat' dir='ltr'>est</span> <span class='ocrx_word' id='word_1_190' title='bbox 756 1968 849 2032; x_wconf 89' lang='lat' dir='ltr'>Wad</span> <span class='ocrx_word' id='word_1_191' title='bbox 901 1995 936 2038; x_wconf 94' lang='lat' dir='ltr'>eo</span> <span class='ocrx_word' id='word_1_192' title='bbox 949 1983 1082 2054; x_wconf 85' lang='lat' dir='ltr'>tempore</span> <span class='ocrx_word' id='word_1_193' title='bbox 1097 1991 1156 2034; x_wconf 95' lang='lat' dir='ltr'>non</span> <span class='ocrx_word' id='word_1_194' title='bbox 1171 1975 1236 2034; x_wconf 90' lang='grc'><strong>6466</strong></span> <span class='ocrx_word' id='word_1_195' title='bbox 1250 1974 1382 2033; x_wconf 88' lang='lat' dir='ltr'>auctario</span> <span class='ocrx_word' id='word_1_196' title='bbox 1402 1980 1541 2036; x_wconf 90' lang='lat' dir='ltr'>veterum</span> <span class='ocrx_word' id='word_1_197' title='bbox 1564 1995 1628 2037; x_wconf 91' lang='lat' dir='ltr'>mo-</span> 
     </span>
     <span class='ocr_line' id='line_1_20' title="bbox 121 2064 1625 2146; baseline 0.003 -22"><span class='ocrx_word' id='word_1_198' title='bbox 121 2065 238 2145; x_wconf 90' lang='lat' dir='ltr'>dingus.</span> <span class='ocrx_word' id='word_1_199' title='bbox 252 2065 428 2145; x_wconf 87' lang='lat' dir='ltr'>Ejusdem</span> <span class='ocrx_word' id='word_1_200' title='bbox 421 2083 452 2126; x_wconf 91' lang='lat' dir='ltr'>m</span> <span class='ocrx_word' id='word_1_201' title='bbox 472 2065 640 2144; x_wconf 81' lang='lat' dir='ltr'>Philosophi</span> <span class='ocrx_word' id='word_1_202' title='bbox 666 2064 847 2143; x_wconf 81' lang='lat' dir='ltr'>lietapbysi-</span> <span class='ocrx_word' id='word_1_203' title='bbox 900 2077 1125 2143; x_wconf 83' lang='lat' dir='ltr'>ramentorum,</span> <span class='ocrx_word' id='word_1_204' title='bbox 1140 2065 1248 2129; x_wconf 70' lang='lat' dir='ltr'>adami</span> <span class='ocrx_word' id='word_1_205' title='bbox 1274 2066 1433 2127; x_wconf 85' lang='lat' dir='ltr'>Historiam</span> <span class='ocrx_word' id='word_1_206' title='bbox 1456 2066 1625 2146; x_wconf 84' lang='lat' dir='ltr'>librumqm</span> 
     </span>
     <span class='ocr_line' id='line_1_21' title="bbox 120 2157 1624 2238; baseline -0.002 -21"><span class='ocrx_word' id='word_1_207' title='bbox 120 2175 187 2220; x_wconf 87' lang='lat' dir='ltr'>cam</span> <span class='ocrx_word' id='word_1_208' title='bbox 214 2161 288 2221; x_wconf 91' lang='grc'><strong>44844</strong></span> <span class='ocrx_word' id='word_1_209' title='bbox 315 2160 450 2222; x_wconf 83' lang='grc'><strong>046644</strong></span> <span class='ocrx_word' id='word_1_210' title='bbox 443 2176 473 2219; x_wconf 86' lang='lat' dir='ltr'>rn</span> <span class='ocrx_word' id='word_1_211' title='bbox 495 2159 626 2238; x_wconf 87' lang='lat' dir='ltr'>Collegio</span> <span class='ocrx_word' id='word_1_212' title='bbox 657 2157 844 2230; x_wconf 88' lang='lat' dir='ltr'>Balliotensi,</span> <span class='ocrx_word' id='word_1_213' title='bbox 900 2161 937 2224; x_wconf 87' lang='lat' dir='ltr'>de</span> <span class='ocrx_word' id='word_1_214' title='bbox 951 2164 1061 2223; x_wconf 74' lang='lat' dir='ltr'>neniae</span> <span class='ocrx_word' id='word_1_215' title='bbox 1075 2162 1136 2221; x_wconf 84' lang='lat' dir='ltr'>situ</span> <span class='ocrx_word' id='word_1_216' title='bbox 1156 2157 1328 2220; x_wconf 82' lang='lat' dir='ltr'>recudenda</span> <span class='ocrx_word' id='word_1_217' title='bbox 1347 2157 1430 2218; x_wconf 90' lang='lat' dir='ltr'>dedit</span> <span class='ocrx_word' id='word_1_218' title='bbox 1449 2158 1624 2221; x_wconf 69' lang='grc'><strong>1666444664</strong></span> 
     </span>
     <span class='ocr_line' id='line_1_22' title="bbox 120 2249 1624 2327; baseline -0.002 -17"><span class='ocrx_word' id='word_1_219' title='bbox 120 2258 200 2314; x_wconf 88' lang='grc'><strong>46646</strong></span> <span class='ocrx_word' id='word_1_220' title='bbox 220 2255 329 2315; x_wconf 89' lang='lat' dir='ltr'>Pitseo.</span> <span class='ocrx_word' id='word_1_221' title='bbox 897 2255 1046 2316; x_wconf 76' lang='lat' dir='ltr'>lohannes</span> <span class='ocrx_word' id='word_1_222' title='bbox 1059 2253 1215 2327; x_wconf 74' lang='lat' dir='ltr'>daueros,</span> <span class='ocrx_word' id='word_1_223' title='bbox 1229 2249 1404 2313; x_wconf 89' lang='lat' dir='ltr'>Helmstadii</span> <span class='ocrx_word' id='word_1_224' title='bbox 1420 2252 1496 2312; x_wconf 92' lang='grc'><strong>4670</strong></span> <span class='ocrx_word' id='word_1_225' title='bbox 1514 2254 1624 2314; x_wconf 76' lang='lat' dir='ltr'>illanc,</span> 
     </span>
     <span class='ocr_line' id='line_1_23' title="bbox 159 2343 1622 2425; baseline -0.002 -19"><span class='ocrx_word' id='word_1_226' title='bbox 159 2343 327 2421; x_wconf 75' lang='grc'><strong>4444444448,</strong></span> <span class='ocrx_word' id='word_1_227' title='bbox 349 2347 453 2422; x_wconf 84' lang='lat' dir='ltr'>quiex</span> <span class='ocrx_word' id='word_1_228' title='bbox 468 2346 584 2417; x_wconf 86' lang='lat' dir='ltr'>ldisnia,</span> <span class='ocrx_word' id='word_1_229' title='bbox 605 2343 638 2418; x_wconf 84' lang='lat' dir='ltr'>a)</span> <span class='ocrx_word' id='word_1_230' title='bbox 653 2349 687 2404; x_wconf 93' lang='lat' dir='ltr'>ut</span> <span class='ocrx_word' id='word_1_231' title='bbox 708 2343 842 2418; x_wconf 88' lang='lat' dir='ltr'>videtur,</span> <span class='ocrx_word' id='word_1_232' title='bbox 897 2350 1048 2410; x_wconf 73' lang='lat' dir='ltr'>odilonem</span> <span class='ocrx_word' id='word_1_233' title='bbox 1065 2354 1210 2425; x_wconf 81' lang='lat' dir='ltr'>tanquam</span> <span class='ocrx_word' id='word_1_234' title='bbox 1231 2346 1384 2406; x_wconf 88' lang='lat' dir='ltr'>meliorem</span> <span class='ocrx_word' id='word_1_235' title='bbox 1404 2346 1490 2423; x_wconf 84' lang='lat' dir='ltr'>sequi</span> <span class='ocrx_word' id='word_1_236' title='bbox 1518 2347 1622 2417; x_wconf 87' lang='lat' dir='ltr'>malui,</span> 
     </span>
     <span class='ocr_line' id='line_1_24' title="bbox 119 2435 1624 2520; baseline -0.004 -16"><span class='ocrx_word' id='word_1_237' title='bbox 119 2435 371 2498; x_wconf 77' lang='lat' dir='ltr'>cantualem</span> <span class='ocrx_word' id='word_1_238' title='bbox 398 2440 537 2499; x_wconf 78' lang='lat' dir='ltr'>Bremam</span> <span class='ocrx_word' id='word_1_239' title='bbox 557 2438 655 2512; x_wconf 74' lang='lat' dir='ltr'>venii</span> <span class='ocrx_word' id='word_1_240' title='bbox 673 2435 844 2497; x_wconf 78' lang='lat' dir='ltr'>Bremeosis</span> <span class='ocrx_word' id='word_1_241' title='bbox 897 2458 967 2504; x_wconf 86' lang='lat' dir='ltr'>omn</span> <span class='ocrx_word' id='word_1_242' title='bbox 983 2444 1143 2520; x_wconf 89' lang='lat' dir='ltr'>scriptores</span> <span class='ocrx_word' id='word_1_243' title='bbox 1156 2437 1406 2518; x_wconf 84' lang='lat' dir='ltr'>septentrionales</span> <span class='ocrx_word' id='word_1_244' title='bbox 1419 2437 1540 2516; x_wconf 83' lang='lat' dir='ltr'>Brpoldi</span> <span class='ocrx_word' id='word_1_245' title='bbox 1555 2441 1624 2499; x_wconf 87' lang='lat' dir='ltr'>Lin-</span> 
     </span>
     <span class='ocr_line' id='line_1_25' title="bbox 119 2520 1620 2613; baseline 0.005 -27"><span class='ocrx_word' id='word_1_246' title='bbox 119 2526 288 2591; x_wconf 78' lang='grc'><strong>4666664.</strong></span> <span class='ocrx_word' id='word_1_247' title='bbox 304 2530 338 2590; x_wconf 93' lang='lat' dir='ltr'>C.</span> <span class='ocrx_word' id='word_1_248' title='bbox 354 2529 441 2591; x_wconf 88' lang='grc'><strong>4067.</strong></span> <span class='ocrx_word' id='word_1_249' title='bbox 457 2520 627 2591; x_wconf 90' lang='lat' dir='ltr'>Canonicus</span> <span class='ocrx_word' id='word_1_250' title='bbox 635 2529 846 2610; x_wconf 76' lang='grc'><strong>,666466464-</strong></span> <span class='ocrx_word' id='word_1_251' title='bbox 898 2535 1049 2613; x_wconf 89' lang='lat' dir='ltr'>denbrogii</span> <span class='ocrx_word' id='word_1_252' title='bbox 1064 2549 1200 2594; x_wconf 88' lang='lat' dir='ltr'>curarem</span> <span class='ocrx_word' id='word_1_253' title='bbox 1218 2530 1321 2592; x_wconf 82' lang='lat' dir='ltr'>recudi</span> <span class='ocrx_word' id='word_1_254' title='bbox 1343 2530 1448 2590; x_wconf 85' lang='lat' dir='ltr'>llamb</span> <span class='ocrx_word' id='word_1_255' title='bbox 1473 2531 1620 2592; x_wconf 88' lang='grc'><strong>4706464.</strong></span> 
     </span>
     <span class='ocr_line' id='line_1_26' title="bbox 118 2618 1623 2705; baseline 0.001 -25"><span class='ocrx_word' id='word_1_256' title='bbox 118 2620 248 2683; x_wconf 81' lang='lat' dir='ltr'>ctumh.</span> <span class='ocrx_word' id='word_1_257' title='bbox 261 2622 347 2684; x_wconf 74' lang='lat' dir='ltr'>tota.</span> <span class='ocrx_word' id='word_1_258' title='bbox 363 2618 630 2701; x_wconf 79' lang='lat' dir='ltr'>hrchiepiscopum</span> <span class='ocrx_word' id='word_1_259' title='bbox 640 2621 845 2700; x_wconf 87' lang='lat' dir='ltr'>llamburgen-</span> <span class='ocrx_word' id='word_1_260' title='bbox 896 2627 1006 2705; x_wconf 82' lang='lat' dir='ltr'>quihus</span> <span class='ocrx_word' id='word_1_261' title='bbox 1019 2625 1167 2687; x_wconf 85' lang='lat' dir='ltr'>Lamhecii</span> <span class='ocrx_word' id='word_1_262' title='bbox 1181 2624 1319 2702; x_wconf 87' lang='lat' dir='ltr'>Origines</span> <span class='ocrx_word' id='word_1_263' title='bbox 1332 2622 1577 2701; x_wconf 82' lang='lat' dir='ltr'>hamburgenses</span> <span class='ocrx_word' id='word_1_264' title='bbox 1591 2633 1623 2686; x_wconf 84' lang='lat' dir='ltr'>et</span> 
     </span>
     <span class='ocr_line' id='line_1_27' title="bbox 119 2711 1622 2798; baseline -0.003 -16"><span class='ocrx_word' id='word_1_265' title='bbox 119 2731 184 2776; x_wconf 74' lang='lat' dir='ltr'>sem</span> <span class='ocrx_word' id='word_1_266' title='bbox 198 2714 408 2790; x_wconf 79' lang='lat' dir='ltr'>Adalbertum,</span> <span class='ocrx_word' id='word_1_267' title='bbox 427 2717 594 2777; x_wconf 77' lang='lat' dir='ltr'>successori</span> <span class='ocrx_word' id='word_1_268' title='bbox 615 2711 682 2790; x_wconf 78' lang='lat' dir='ltr'>eius</span> <span class='ocrx_word' id='word_1_269' title='bbox 709 2714 843 2774; x_wconf 72' lang='lat' dir='ltr'>Liemtro</span> <span class='ocrx_word' id='word_1_270' title='bbox 894 2722 952 2782; x_wconf 91' lang='lat' dir='ltr'>alia</span> <span class='ocrx_word' id='word_1_271' title='bbox 965 2719 1112 2798; x_wconf 88' lang='lat' dir='ltr'>quaedam</span> <span class='ocrx_word' id='word_1_272' title='bbox 1126 2718 1251 2779; x_wconf 92' lang='lat' dir='ltr'>aliorum</span> <span class='ocrx_word' id='word_1_273' title='bbox 1264 2712 1397 2792; x_wconf 86' lang='lat' dir='ltr'>adjunxi.</span> <span class='ocrx_word' id='word_1_274' title='bbox 1414 2716 1443 2775; x_wconf 92' lang='lat' dir='ltr'>Si</span> <span class='ocrx_word' id='word_1_275' title='bbox 1459 2717 1622 2795; x_wconf 83' lang='lat' dir='ltr'>scriptores</span> 
     </span>
     <span class='ocr_line' id='line_1_28' title="bbox 118 2803 1622 2891; baseline 0.001 -25"><span class='ocrx_word' id='word_1_276' title='bbox 118 2807 267 2869; x_wconf 88' lang='lat' dir='ltr'>dedicavit</span> <span class='ocrx_word' id='word_1_277' title='bbox 294 2808 460 2891; x_wconf 67' lang='lat' dir='ltr'>Historiam</span> <span class='ocrx_word' id='word_1_278' title='bbox 487 2803 729 2866; x_wconf 79' lang='lat' dir='ltr'>Ecclestbstt&#39;com</span> <span class='ocrx_word' id='word_1_279' title='bbox 760 2805 842 2865; x_wconf 84' lang='grc'><strong>444446</strong></span> <span class='ocrx_word' id='word_1_280' title='bbox 895 2815 972 2888; x_wconf 78' lang='lat' dir='ltr'>illos,</span> <span class='ocrx_word' id='word_1_281' title='bbox 986 2811 1066 2891; x_wconf 86' lang='lat' dir='ltr'>quod</span> <span class='ocrx_word' id='word_1_282' title='bbox 1079 2812 1162 2872; x_wconf 89' lang='lat' dir='ltr'>hrevi</span> <span class='ocrx_word' id='word_1_283' title='bbox 1178 2825 1298 2888; x_wconf 88' lang='lat' dir='ltr'>sperare</span> <span class='ocrx_word' id='word_1_284' title='bbox 1312 2808 1381 2867; x_wconf 81' lang='grc'><strong>44664</strong></span> <span class='ocrx_word' id='word_1_285' title='bbox 1399 2807 1547 2883; x_wconf 78' lang='lat' dir='ltr'>futurum,</span> <span class='ocrx_word' id='word_1_286' title='bbox 1568 2813 1622 2870; x_wconf 87' lang='lat' dir='ltr'>ite-</span> 
     </span>
     <span class='ocr_line' id='line_1_29' title="bbox 119 2899 1620 2985; baseline -0.003 -23"><span class='ocrx_word' id='word_1_287' title='bbox 119 2909 247 2979; x_wconf 90' lang='lat' dir='ltr'>quatuor</span> <span class='ocrx_word' id='word_1_288' title='bbox 261 2901 407 2981; x_wconf 89' lang='lat' dir='ltr'>digestam</span> <span class='ocrx_word' id='word_1_289' title='bbox 422 2901 460 2963; x_wconf 90' lang='grc'>66</span> <span class='ocrx_word' id='word_1_290' title='bbox 472 2901 633 2979; x_wconf 88' lang='lat' dir='ltr'>Beligionis</span> <span class='ocrx_word' id='word_1_291' title='bbox 653 2899 841 2959; x_wconf 86' lang='lat' dir='ltr'>Christianae</span> <span class='ocrx_word' id='word_1_292' title='bbox 895 2924 963 2968; x_wconf 75' lang='lat' dir='ltr'>rum</span> <span class='ocrx_word' id='word_1_293' title='bbox 976 2905 1086 2985; x_wconf 77' lang='lat' dir='ltr'>praelis</span> <span class='ocrx_word' id='word_1_294' title='bbox 1112 2901 1258 2979; x_wconf 87' lang='lat' dir='ltr'>suhjicere</span> <span class='ocrx_word' id='word_1_295' title='bbox 1272 2900 1527 2982; x_wconf 73' lang='lat' dir='ltr'>mihipontingat,</span> <span class='ocrx_word' id='word_1_296' title='bbox 1549 2901 1620 2963; x_wconf 87' lang='lat' dir='ltr'>dare</span> 
     </span>
     <span class='ocr_line' id='line_1_30' title="bbox 117 2990 1620 3079; baseline -0.007 -14"><span class='ocrx_word' id='word_1_297' title='bbox 117 3001 294 3074; x_wconf 72' lang='grc'><strong>0000060400</strong></span> <span class='ocrx_word' id='word_1_298' title='bbox 305 2997 398 3074; x_wconf 74' lang='lat' dir='ltr'>gestis</span> <span class='ocrx_word' id='word_1_299' title='bbox 411 3011 429 3056; x_wconf 79' lang='lat' dir='ltr'>a</span> <span class='ocrx_word' id='word_1_300' title='bbox 442 2995 540 3056; x_wconf 85' lang='lat' dir='ltr'>Caroli</span> <span class='ocrx_word' id='word_1_301' title='bbox 550 2994 645 3074; x_wconf 83' lang='lat' dir='ltr'>Magni</span> <span class='ocrx_word' id='word_1_302' title='bbox 656 2990 840 3069; x_wconf 80' lang='lat' dir='ltr'>temporibus</span> <span class='ocrx_word' id='word_1_303' title='bbox 893 3016 1013 3079; x_wconf 88' lang='lat' dir='ltr'>operam</span> <span class='ocrx_word' id='word_1_304' title='bbox 1027 3005 1076 3059; x_wconf 88' lang='lat' dir='ltr'>est</span> <span class='ocrx_word' id='word_1_305' title='bbox 1093 2999 1214 3058; x_wconf 89' lang='lat' dir='ltr'>animus</span> <span class='ocrx_word' id='word_1_306' title='bbox 1235 2994 1352 3066; x_wconf 79' lang='lat' dir='ltr'>sedulo,</span> <span class='ocrx_word' id='word_1_307' title='bbox 1370 3001 1404 3056; x_wconf 90' lang='lat' dir='ltr'>ut</span> <span class='ocrx_word' id='word_1_308' title='bbox 1426 2996 1455 3052; x_wconf 92' lang='lat' dir='ltr'>in</span> <span class='ocrx_word' id='word_1_309' title='bbox 1474 2994 1524 3054; x_wconf 95' lang='lat' dir='ltr'>illa</span> <span class='ocrx_word' id='word_1_310' title='bbox 1541 3012 1620 3056; x_wconf 85' lang='lat' dir='ltr'>nova</span> 
     </span>
     <span class='ocr_line' id='line_1_31' title="bbox 115 3083 1620 3169; baseline 0.001 -22"><span class='ocrx_word' id='word_1_311' title='bbox 115 3087 152 3147; x_wconf 91' lang='lat' dir='ltr'>ab</span> <span class='ocrx_word' id='word_1_312' title='bbox 165 3086 253 3148; x_wconf 80' lang='lat' dir='ltr'>Anno</span> <span class='ocrx_word' id='word_1_313' title='bbox 267 3086 325 3150; x_wconf 85' lang='grc'>766</span> <span class='ocrx_word' id='word_1_314' title='bbox 347 3104 445 3166; x_wconf 83' lang='lat' dir='ltr'>usque</span> <span class='ocrx_word' id='word_1_315' title='bbox 458 3087 496 3149; x_wconf 88' lang='lat' dir='ltr'>ad</span> <span class='ocrx_word' id='word_1_316' title='bbox 513 3084 590 3149; x_wconf 92' lang='grc'><strong>4076</strong></span> <span class='ocrx_word' id='word_1_317' title='bbox 612 3083 771 3162; x_wconf 87' lang='lat' dir='ltr'>subjuncto</span> <span class='ocrx_word' id='word_1_318' title='bbox 787 3100 841 3163; x_wconf 89' lang='lat' dir='ltr'>ap-</span> <span class='ocrx_word' id='word_1_319' title='bbox 891 3092 1020 3153; x_wconf 89' lang='lat' dir='ltr'>editione</span> <span class='ocrx_word' id='word_1_320' title='bbox 1036 3091 1122 3169; x_wconf 90' lang='lat' dir='ltr'>longe</span> <span class='ocrx_word' id='word_1_321' title='bbox 1136 3089 1241 3163; x_wconf 84' lang='lat' dir='ltr'>melior</span> <span class='ocrx_word' id='word_1_322' title='bbox 1261 3086 1397 3148; x_wconf 81' lang='lat' dir='ltr'>bdamus</span> <span class='ocrx_word' id='word_1_323' title='bbox 1425 3088 1527 3147; x_wconf 91' lang='lat' dir='ltr'>lectori</span> <span class='ocrx_word' id='word_1_324' title='bbox 1548 3088 1620 3148; x_wconf 89' lang='lat' dir='ltr'>ollo-</span> 
     </span>
     <span class='ocr_line' id='line_1_32' title="bbox 114 3177 1615 3259; baseline -0.006 -12"><span class='ocrx_word' id='word_1_325' title='bbox 114 3181 248 3259; x_wconf 77' lang='lat' dir='ltr'>pendicis</span> <span class='ocrx_word' id='word_1_326' title='bbox 261 3184 292 3242; x_wconf 87' lang='lat' dir='ltr'>in</span> <span class='ocrx_word' id='word_1_327' title='bbox 302 3183 400 3242; x_wconf 82' lang='lat' dir='ltr'>vitem</span> <span class='ocrx_word' id='word_1_328' title='bbox 417 3179 493 3241; x_wconf 72' lang='lat' dir='ltr'>libro</span> <span class='ocrx_word' id='word_1_329' title='bbox 507 3179 544 3241; x_wconf 80' lang='lat' dir='ltr'>dt</span> <span class='ocrx_word' id='word_1_330' title='bbox 556 3178 618 3240; x_wconf 82' lang='lat' dir='ltr'>sito</span> <span class='ocrx_word' id='word_1_331' title='bbox 628 3177 743 3239; x_wconf 73' lang='lat' dir='ltr'>Datiat</span> <span class='ocrx_word' id='word_1_332' title='bbox 753 3183 840 3238; x_wconf 75' lang='grc'><strong>0400·</strong></span> <span class='ocrx_word' id='word_1_333' title='bbox 892 3191 984 3246; x_wconf 88' lang='lat' dir='ltr'>ratur.</span> <span class='ocrx_word' id='word_1_334' title='bbox 998 3185 1064 3245; x_wconf 88' lang='lat' dir='ltr'>Non</span> <span class='ocrx_word' id='word_1_335' title='bbox 1081 3178 1281 3241; x_wconf 84' lang='lat' dir='ltr'>omittendum</span> <span class='ocrx_word' id='word_1_336' title='bbox 1310 3178 1440 3257; x_wconf 90' lang='lat' dir='ltr'>denique</span> <span class='ocrx_word' id='word_1_337' title='bbox 1460 3178 1615 3240; x_wconf 85' lang='lat' dir='ltr'>Svecicom</span> 
     </span>
     <span class='ocr_line' id='line_1_33' title="bbox 114 3270 1619 3354; baseline -0.005 -16"><span class='ocrx_word' id='word_1_338' title='bbox 114 3273 269 3354; x_wconf 76' lang='lat' dir='ltr'>liquorum</span> <span class='ocrx_word' id='word_1_339' title='bbox 284 3279 370 3333; x_wconf 72' lang='lat' dir='ltr'>trata</span> <span class='ocrx_word' id='word_1_340' title='bbox 383 3273 513 3333; x_wconf 72' lang='grc'><strong>44664664</strong></span> <span class='ocrx_word' id='word_1_341' title='bbox 530 3273 687 3352; x_wconf 70' lang='lat' dir='ltr'>reqionum</span> <span class='ocrx_word' id='word_1_342' title='bbox 706 3275 837 3346; x_wconf 73' lang='lat' dir='ltr'>mitra,</span> <span class='ocrx_word' id='word_1_343' title='bbox 891 3278 920 3353; x_wconf 82' lang='lat' dir='ltr'>c]</span> <span class='ocrx_word' id='word_1_344' title='bbox 939 3274 1006 3353; x_wconf 84' lang='lat' dir='ltr'>ejus</span> <span class='ocrx_word' id='word_1_345' title='bbox 1019 3277 1189 3337; x_wconf 88' lang='lat' dir='ltr'>versionem</span> <span class='ocrx_word' id='word_1_346' title='bbox 1202 3270 1376 3333; x_wconf 86' lang='lat' dir='ltr'>adornatam</span> <span class='ocrx_word' id='word_1_347' title='bbox 1391 3275 1555 3331; x_wconf 86' lang='lat' dir='ltr'>esscaviro</span> <span class='ocrx_word' id='word_1_348' title='bbox 1566 3290 1619 3333; x_wconf 94' lang='lat' dir='ltr'>an-</span> 
     </span>
     <span class='ocr_line' id='line_1_34' title="bbox 114 3363 1618 3449; baseline -0.003 -21"><span class='ocrx_word' id='word_1_349' title='bbox 114 3371 165 3444; x_wconf 89' lang='lat' dir='ltr'>qui</span> <span class='ocrx_word' id='word_1_350' title='bbox 183 3367 290 3428; x_wconf 92' lang='lat' dir='ltr'>obvius</span> <span class='ocrx_word' id='word_1_351' title='bbox 314 3368 343 3425; x_wconf 93' lang='lat' dir='ltr'>in</span> <span class='ocrx_word' id='word_1_352' title='bbox 362 3368 497 3443; x_wconf 87' lang='lat' dir='ltr'>reliquis,</span> <span class='ocrx_word' id='word_1_353' title='bbox 508 3368 543 3432; x_wconf 87' lang='lat' dir='ltr'>t&#39;n</span> <span class='ocrx_word' id='word_1_354' title='bbox 572 3368 667 3444; x_wconf 81' lang='lat' dir='ltr'>prima</span> <span class='ocrx_word' id='word_1_355' title='bbox 684 3364 837 3426; x_wconf 77' lang='lat' dir='ltr'>Hafniensl</span> <span class='ocrx_word' id='word_1_356' title='bbox 892 3371 1065 3449; x_wconf 90' lang='lat' dir='ltr'>tiquitatum</span> <span class='ocrx_word' id='word_1_357' title='bbox 1079 3363 1356 3446; x_wconf 88' lang='lat' dir='ltr'>septentrionalium</span> <span class='ocrx_word' id='word_1_358' title='bbox 1373 3366 1555 3443; x_wconf 89' lang='lat' dir='ltr'>peritissimo</span> <span class='ocrx_word' id='word_1_359' title='bbox 1569 3367 1618 3424; x_wconf 80' lang='lat' dir='ltr'>Jo-</span> 
     </span>
     <span class='ocr_line' id='line_1_35' title="bbox 114 3452 1617 3536; baseline 0 -17"><span class='ocrx_word' id='word_1_360' title='bbox 114 3459 243 3519; x_wconf 89' lang='lat' dir='ltr'>editione</span> <span class='ocrx_word' id='word_1_361' title='bbox 257 3458 710 3520; x_wconf 78' lang='lat' dir='ltr'>desideratur.rarachrontsmts</span> <span class='ocrx_word' id='word_1_362' title='bbox 721 3463 837 3518; x_wconf 86' lang='lat' dir='ltr'>scatere</span> <span class='ocrx_word' id='word_1_363' title='bbox 891 3462 986 3523; x_wconf 81' lang='grc'><strong>66666</strong></span> <span class='ocrx_word' id='word_1_364' title='bbox 1002 3457 1159 3521; x_wconf 69' lang='grc'><strong>4464664466</strong></span> <span class='ocrx_word' id='word_1_365' title='bbox 1173 3452 1617 3536; x_wconf 72' lang='lat' dir='ltr'>Perirtgodioldm,editamquae</span> 
     </span>
     <span class='ocr_line' id='line_1_36' title="bbox 114 3547 1617 3625; baseline -0.002 -10"><span class='ocrx_word' id='word_1_366' title='bbox 114 3551 195 3611; x_wconf 82' lang='lat' dir='ltr'>hum</span> <span class='ocrx_word' id='word_1_367' title='bbox 208 3549 358 3611; x_wconf 84' lang='lat' dir='ltr'>hdamurn</span> <span class='ocrx_word' id='word_1_368' title='bbox 372 3553 489 3611; x_wconf 88' lang='lat' dir='ltr'>notavit</span> <span class='ocrx_word' id='word_1_369' title='bbox 503 3547 677 3611; x_wconf 80' lang='lat' dir='ltr'>Lombeciur</span> <span class='ocrx_word' id='word_1_370' title='bbox 693 3552 785 3610; x_wconf 89' lang='lat' dir='ltr'>Tomo</span> <span class='ocrx_word' id='word_1_371' title='bbox 800 3551 835 3610; x_wconf 86' lang='lat' dir='ltr'>ll.</span> <span class='ocrx_word' id='word_1_372' title='bbox 890 3555 1023 3617; x_wconf 87' lang='lat' dir='ltr'>llolmiae</span> <span class='ocrx_word' id='word_1_373' title='bbox 1038 3552 1114 3615; x_wconf 88' lang='grc'><strong>4740</strong></span> <span class='ocrx_word' id='word_1_374' title='bbox 1130 3551 1157 3612; x_wconf 85' lang='grc'>4.</span> <span class='ocrx_word' id='word_1_375' title='bbox 1175 3550 1366 3625; x_wconf 85' lang='lat' dir='ltr'>Belmoldus,</span> <span class='ocrx_word' id='word_1_376' title='bbox 1385 3549 1528 3612; x_wconf 76' lang='lat' dir='ltr'>ribertus</span> <span class='ocrx_word' id='word_1_377' title='bbox 1550 3554 1617 3612; x_wconf 80' lang='grc'><strong>864-</strong></span> 
     </span>
     <span class='ocr_line' id='line_1_37' title="bbox 113 3641 1617 3723; baseline 0.001 -21"><span class='ocrx_word' id='word_1_378' title='bbox 113 3645 223 3703; x_wconf 89' lang='lat' dir='ltr'>Bernm</span> <span class='ocrx_word' id='word_1_379' title='bbox 238 3643 511 3723; x_wconf 83' lang='lat' dir='ltr'>llamburgensium</span> <span class='ocrx_word' id='word_1_380' title='bbox 526 3661 592 3722; x_wconf 89' lang='lat' dir='ltr'>pag</span> <span class='ocrx_word' id='word_1_381' title='bbox 608 3643 676 3704; x_wconf 86' lang='grc'><strong>677.</strong></span> <span class='ocrx_word' id='word_1_382' title='bbox 698 3660 760 3721; x_wconf 87' lang='lat' dir='ltr'>seq.</span> <span class='ocrx_word' id='word_1_383' title='bbox 778 3644 836 3704; x_wconf 83' lang='grc'>346</span> <span class='ocrx_word' id='word_1_384' title='bbox 891 3647 994 3708; x_wconf 85' lang='grc'><strong>664646</strong></span> <span class='ocrx_word' id='word_1_385' title='bbox 1007 3652 1037 3706; x_wconf 89' lang='grc'>64</span> <span class='ocrx_word' id='word_1_386' title='bbox 1051 3646 1100 3706; x_wconf 91' lang='lat' dir='ltr'>alii</span> <span class='ocrx_word' id='word_1_387' title='bbox 1110 3642 1246 3722; x_wconf 88' lang='lat' dir='ltr'>juniores</span> <span class='ocrx_word' id='word_1_388' title='bbox 1260 3641 1617 3703; x_wconf 81' lang='lat' dir='ltr'>libenterhdamiaucto</span> 
     </span>
     <span class='ocr_line' id='line_1_38' title="bbox 114 3734 1617 3815; baseline -0.001 -20"><span class='ocrx_word' id='word_1_389' title='bbox 114 3736 172 3795; x_wconf 74' lang='lat'>502</span> <span class='ocrx_word' id='word_1_390' title='bbox 186 3741 243 3794; x_wconf 87' lang='grc'><strong>646.</strong></span> <span class='ocrx_word' id='word_1_391' title='bbox 258 3734 359 3795; x_wconf 80' lang='grc'><strong>46646</strong></span> <span class='ocrx_word' id='word_1_392' title='bbox 353 3753 384 3796; x_wconf 86' lang='lat' dir='ltr'>tn</span> <span class='ocrx_word' id='word_1_393' title='bbox 393 3752 429 3796; x_wconf 89' lang='lat' dir='ltr'>eo</span> <span class='ocrx_word' id='word_1_394' title='bbox 439 3753 503 3815; x_wconf 80' lang='lat' dir='ltr'>ipso</span> <span class='ocrx_word' id='word_1_395' title='bbox 516 3752 604 3815; x_wconf 87' lang='lat' dir='ltr'>opere</span> <span class='ocrx_word' id='word_1_396' title='bbox 615 3737 751 3815; x_wconf 78' lang='lat' dir='ltr'>pluribus</span> <span class='ocrx_word' id='word_1_397' title='bbox 760 3734 839 3798; x_wconf 81' lang='lat' dir='ltr'>Ada</span> <span class='ocrx_word' id='word_1_398' title='bbox 891 3743 978 3801; x_wconf 85' lang='lat' dir='ltr'>ritate</span> <span class='ocrx_word' id='word_1_399' title='bbox 992 3746 1131 3815; x_wconf 89' lang='lat' dir='ltr'>utuntur,</span> <span class='ocrx_word' id='word_1_400' title='bbox 1157 3735 1301 3797; x_wconf 78' lang='lat' dir='ltr'>Albertus</span> <span class='ocrx_word' id='word_1_401' title='bbox 1329 3737 1485 3814; x_wconf 78' lang='lat' dir='ltr'>praecipue</span> <span class='ocrx_word' id='word_1_402' title='bbox 1508 3737 1617 3796; x_wconf 77' lang='lat' dir='ltr'>lirant-</span> 
     </span>
     <span class='ocr_line' id='line_1_39' title="bbox 114 3828 1616 3905; baseline 0 -19"><span class='ocrx_word' id='word_1_403' title='bbox 114 3829 155 3887; x_wconf 93' lang='lat' dir='ltr'>mi</span> <span class='ocrx_word' id='word_1_404' title='bbox 183 3828 255 3887; x_wconf 90' lang='lat' dir='ltr'>locis</span> <span class='ocrx_word' id='word_1_405' title='bbox 282 3845 342 3888; x_wconf 93' lang='lat' dir='ltr'>non</span> <span class='ocrx_word' id='word_1_406' title='bbox 371 3828 559 3890; x_wconf 85' lang='lat' dir='ltr'>inficiandam</span> <span class='ocrx_word' id='word_1_407' title='bbox 592 3830 689 3891; x_wconf 88' lang='lat' dir='ltr'>lucem</span> <span class='ocrx_word' id='word_1_408' title='bbox 720 3831 838 3901; x_wconf 88' lang='grc'><strong>6444444,</strong></span> <span class='ocrx_word' id='word_1_409' title='bbox 893 3850 1041 3894; x_wconf 80' lang='lat' dir='ltr'>museum</span> <span class='ocrx_word' id='word_1_410' title='bbox 1055 3837 1179 3893; x_wconf 85' lang='grc'><strong>6664446</strong></span> <span class='ocrx_word' id='word_1_411' title='bbox 1205 3831 1305 3890; x_wconf 76' lang='lat' dir='ltr'>estin</span> <span class='ocrx_word' id='word_1_412' title='bbox 1323 3829 1562 3905; x_wconf 85' lang='lat' dir='ltr'>suallctropolr</span> <span class='ocrx_word' id='word_1_413' title='bbox 1585 3836 1616 3887; x_wconf 89' lang='grc'>64</span> 
     </span>
     <span class='ocr_line' id='line_1_40' title="bbox 113 3900 1615 4001; baseline -0.001 -20"><span class='ocrx_word' id='word_1_414' title='bbox 113 3900 369 3999; x_wconf 82' lang='lat' dir='ltr'>quemadmodum</span> <span class='ocrx_word' id='word_1_415' title='bbox 382 3921 524 3983; x_wconf 72' lang='lat' dir='ltr'>Nicotaus</span> <span class='ocrx_word' id='word_1_416' title='bbox 544 3921 752 4001; x_wconf 82' lang='lat' dir='ltr'>Staphorstias</span> <span class='ocrx_word' id='word_1_417' title='bbox 765 3941 839 4001; x_wconf 83' lang='lat' dir='ltr'>quo</span> <span class='ocrx_word' id='word_1_418' title='bbox 892 3925 1080 4000; x_wconf 80' lang='lat' dir='ltr'>lambecius,</span> <span class='ocrx_word' id='word_1_419' title='bbox 1094 3925 1145 3985; x_wconf 89' lang='lat' dir='ltr'>ubi</span> <span class='ocrx_word' id='word_1_420' title='bbox 1166 3921 1300 3983; x_wconf 79' lang='lat' dir='ltr'>hdamus</span> <span class='ocrx_word' id='word_1_421' title='bbox 1320 3920 1425 3994; x_wconf 91' lang='lat' dir='ltr'>desiit,</span> <span class='ocrx_word' id='word_1_422' title='bbox 1452 3920 1562 3980; x_wconf 88' lang='lat' dir='ltr'>ibidem</span> <span class='ocrx_word' id='word_1_423' title='bbox 1584 3929 1615 3980; x_wconf 85' lang='lat' dir='ltr'>ct</span> 
     </span>
     <span class='ocr_line' id='line_1_41' title="bbox 113 4005 1616 4098; baseline -0.002 -22"><span class='ocrx_word' id='word_1_424' title='bbox 113 4032 173 4092; x_wconf 88' lang='lat' dir='ltr'>que</span> <span class='ocrx_word' id='word_1_425' title='bbox 190 4022 294 4076; x_wconf 91' lang='lat' dir='ltr'>noster</span> <span class='ocrx_word' id='word_1_426' title='bbox 321 4005 335 4072; x_wconf 77' lang='grc' dir='ltr'><strong>ὃ</strong></span> <span class='ocrx_word' id='word_1_427' title='bbox 365 4034 466 4097; x_wconf 70' lang='lat' dir='ltr'>panop</span> <span class='ocrx_word' id='word_1_428' title='bbox 453 4014 550 4091; x_wconf 74' lang='lat' dir='ltr'>p&#39;lrut</span> <span class='ocrx_word' id='word_1_429' title='bbox 544 4034 572 4075; x_wconf 92' lang='grc' dir='ltr'>ι6</span> <span class='ocrx_word' id='word_1_430' title='bbox 588 4017 715 4076; x_wconf 90' lang='lat' dir='ltr'>llistoria</span> <span class='ocrx_word' id='word_1_431' title='bbox 735 4017 839 4077; x_wconf 88' lang='lat' dir='ltr'>Ecclc·</span> <span class='ocrx_word' id='word_1_432' title='bbox 890 4013 954 4098; x_wconf 88' lang='lat' dir='ltr'>ipse</span> <span class='ocrx_word' id='word_1_433' title='bbox 968 4017 1127 4096; x_wconf 89' lang='lat' dir='ltr'>praeclaris</span> <span class='ocrx_word' id='word_1_434' title='bbox 1141 4016 1224 4078; x_wconf 89' lang='lat' dir='ltr'>libris</span> <span class='ocrx_word' id='word_1_435' title='bbox 1238 4015 1302 4075; x_wconf 92' lang='lat' dir='ltr'>suis</span> <span class='ocrx_word' id='word_1_436' title='bbox 1315 4013 1353 4075; x_wconf 90' lang='lat' dir='ltr'>de</span> <span class='ocrx_word' id='word_1_437' title='bbox 1366 4012 1458 4073; x_wconf 89' lang='lat' dir='ltr'>rebus</span> <span class='ocrx_word' id='word_1_438' title='bbox 1468 4012 1616 4073; x_wconf 89' lang='lat' dir='ltr'>llambur-</span> 
     </span>
     <span class='ocr_line' id='line_1_42' title="bbox 114 4109 1613 4191; baseline -0.003 -23"><span class='ocrx_word' id='word_1_439' title='bbox 114 4110 234 4169; x_wconf 88' lang='lat' dir='ltr'>siastioa</span> <span class='ocrx_word' id='word_1_440' title='bbox 267 4109 503 4190; x_wconf 84' lang='lat' dir='ltr'>Hamburgensi,</span> <span class='ocrx_word' id='word_1_441' title='bbox 538 4126 629 4187; x_wconf 87' lang='lat' dir='ltr'>quarn</span> <span class='ocrx_word' id='word_1_442' title='bbox 660 4109 836 4170; x_wconf 81' lang='lat' dir='ltr'>Germanice</span> <span class='ocrx_word' id='word_1_443' title='bbox 890 4109 1141 4191; x_wconf 88' lang='lat' dir='ltr'>gensibusvoluit</span> <span class='ocrx_word' id='word_1_444' title='bbox 1159 4109 1275 4169; x_wconf 90' lang='grc' dir='ltr'>4466ι6Ι</span> <span class='ocrx_word' id='word_1_445' title='bbox 1268 4123 1438 4185; x_wconf 79' lang='lat' dir='ltr'>imponere,</span> <span class='ocrx_word' id='word_1_446' title='bbox 1462 4121 1532 4164; x_wconf 91' lang='lat' dir='ltr'>cum</span> <span class='ocrx_word' id='word_1_447' title='bbox 1555 4124 1613 4165; x_wconf 91' lang='grc'>666</span> 
     </span>
     <span class='ocr_line' id='line_1_43' title="bbox 113 4197 1613 4280; baseline -0.003 -19"><span class='ocrx_word' id='word_1_448' title='bbox 113 4203 268 4279; x_wconf 91' lang='lat' dir='ltr'>vulgatam</span> <span class='ocrx_word' id='word_1_449' title='bbox 286 4201 324 4263; x_wconf 90' lang='lat' dir='ltr'>ab</span> <span class='ocrx_word' id='word_1_450' title='bbox 346 4219 382 4263; x_wconf 89' lang='lat' dir='ltr'>eo</span> <span class='ocrx_word' id='word_1_451' title='bbox 406 4203 610 4277; x_wconf 85' lang='lat' dir='ltr'>habemus,in</span> <span class='ocrx_word' id='word_1_452' title='bbox 634 4199 723 4278; x_wconf 88' lang='lat' dir='ltr'>cujus</span> <span class='ocrx_word' id='word_1_453' title='bbox 744 4203 836 4263; x_wconf 84' lang='lat' dir='ltr'>Tomo</span> <span class='ocrx_word' id='word_1_454' title='bbox 889 4204 1021 4278; x_wconf 88' lang='lat' dir='ltr'>videret,</span> <span class='ocrx_word' id='word_1_455' title='bbox 1035 4219 1126 4280; x_wconf 91' lang='lat' dir='ltr'>quem</span> <span class='ocrx_word' id='word_1_456' title='bbox 1137 4201 1294 4262; x_wconf 80' lang='lat' dir='ltr'>deliciante</span> <span class='ocrx_word' id='word_1_457' title='bbox 1305 4198 1418 4259; x_wconf 78' lang='grc'><strong>466446</strong></span> <span class='ocrx_word' id='word_1_458' title='bbox 1428 4203 1491 4256; x_wconf 90' lang='lat' dir='ltr'>tam</span> <span class='ocrx_word' id='word_1_459' title='bbox 1501 4197 1613 4259; x_wconf 90' lang='lat' dir='ltr'>bonum</span> 
     </span>
     <span class='ocr_line' id='line_1_44' title="bbox 112 4290 1613 4374; baseline -0.003 -21"><span class='ocrx_word' id='word_1_460' title='bbox 112 4298 207 4371; x_wconf 91' lang='lat' dir='ltr'>primo</span> <span class='ocrx_word' id='word_1_461' title='bbox 220 4311 287 4374; x_wconf 90' lang='lat' dir='ltr'>pag.</span> <span class='ocrx_word' id='word_1_462' title='bbox 302 4294 361 4356; x_wconf 81' lang='lat'>358</span> <span class='ocrx_word' id='word_1_463' title='bbox 370 4312 432 4372; x_wconf 89' lang='lat' dir='ltr'>seq.</span> <span class='ocrx_word' id='word_1_464' title='bbox 445 4312 564 4373; x_wconf 88' lang='lat' dir='ltr'>quoque</span> <span class='ocrx_word' id='word_1_465' title='bbox 573 4293 835 4371; x_wconf 85' lang='lat' dir='ltr'>extantquaedam</span> <span class='ocrx_word' id='word_1_466' title='bbox 890 4297 997 4358; x_wconf 88' lang='lat' dir='ltr'>ducem</span> <span class='ocrx_word' id='word_1_467' title='bbox 1018 4295 1056 4355; x_wconf 88' lang='lat' dir='ltr'>ad</span> <span class='ocrx_word' id='word_1_468' title='bbox 1076 4295 1168 4355; x_wconf 92' lang='lat' dir='ltr'>telam</span> <span class='ocrx_word' id='word_1_469' title='bbox 1190 4290 1405 4373; x_wconf 82' lang='lat' dir='ltr'>pertexendam</span> <span class='ocrx_word' id='word_1_470' title='bbox 1426 4290 1483 4349; x_wconf 91' lang='lat' dir='ltr'>sibi</span> <span class='ocrx_word' id='word_1_471' title='bbox 1511 4298 1613 4369; x_wconf 84' lang='lat' dir='ltr'>posset</span> 
     </span>
     <span class='ocr_line' id='line_1_45' title="bbox 113 4386 1061 4469; baseline 0.004 -26"><span class='ocrx_word' id='word_1_472' title='bbox 113 4403 172 4446; x_wconf 90' lang='lat' dir='ltr'>non</span> <span class='ocrx_word' id='word_1_473' title='bbox 188 4387 427 4449; x_wconf 86' lang='lat' dir='ltr'>contemnendae</span> <span class='ocrx_word' id='word_1_474' title='bbox 441 4395 529 4449; x_wconf 90' lang='lat' dir='ltr'>notae</span> <span class='ocrx_word' id='word_1_475' title='bbox 543 4386 696 4447; x_wconf 80' lang='lat' dir='ltr'>Friderici</span> <span class='ocrx_word' id='word_1_476' title='bbox 711 4386 836 4448; x_wconf 80' lang='lat' dir='ltr'>Linden-</span> <span class='ocrx_word' id='word_1_477' title='bbox 889 4405 1061 4469; x_wconf 88' lang='lat' dir='ltr'>proponere.</span> 
     </span>
     <span class='ocr_line' id='line_1_46' title="bbox 113 4474 1614 4559; baseline 0 -25"><span class='ocrx_word' id='word_1_478' title='bbox 113 4474 217 4555; x_wconf 80' lang='lat' dir='ltr'>brogit&#39;.</span> <span class='ocrx_word' id='word_1_479' title='bbox 232 4480 332 4541; x_wconf 83' lang='lat' dir='ltr'>liabeo</span> <span class='ocrx_word' id='word_1_480' title='bbox 346 4487 500 4559; x_wconf 88' lang='lat' dir='ltr'>praeterea</span> <span class='ocrx_word' id='word_1_481' title='bbox 512 4481 678 4542; x_wconf 89' lang='lat' dir='ltr'>Clarissimi</span> <span class='ocrx_word' id='word_1_482' title='bbox 695 4480 756 4539; x_wconf 86' lang='lat' dir='ltr'>Viri</span> <span class='ocrx_word' id='word_1_483' title='bbox 776 4478 837 4538; x_wconf 83' lang='lat' dir='ltr'>Ar·</span> <span class='ocrx_word' id='word_1_484' title='bbox 929 4480 1085 4543; x_wconf 74' lang='lat' dir='ltr'>luamus</span> <span class='ocrx_word' id='word_1_485' title='bbox 1098 4477 1271 4559; x_wconf 76' lang='lat' dir='ltr'>Bocseldus,</span> <span class='ocrx_word' id='word_1_486' title='bbox 1285 4477 1413 4556; x_wconf 81' lang='lat' dir='ltr'>Anglus,</span> <span class='ocrx_word' id='word_1_487' title='bbox 1428 4476 1614 4537; x_wconf 77' lang='lat' dir='ltr'>Mathemati-</span> 
     </span>
     <span class='ocr_line' id='line_1_47' title="bbox 112 4566 1612 4653; baseline -0.001 -24"><span class='ocrx_word' id='word_1_488' title='bbox 112 4587 168 4628; x_wconf 85' lang='lat' dir='ltr'>aoe</span> <span class='ocrx_word' id='word_1_489' title='bbox 178 4573 319 4650; x_wconf 74' lang='grc'><strong>44666664</strong></span> <span class='ocrx_word' id='word_1_490' title='bbox 325 4575 537 4653; x_wconf 86' lang='lat' dir='ltr'>castigationes</span> <span class='ocrx_word' id='word_1_491' title='bbox 546 4571 706 4650; x_wconf 87' lang='lat' dir='ltr'>quasdam,</span> <span class='ocrx_word' id='word_1_492' title='bbox 718 4590 837 4653; x_wconf 82' lang='lat' dir='ltr'>compe-</span> <span class='ocrx_word' id='word_1_493' title='bbox 890 4592 957 4651; x_wconf 91' lang='lat' dir='ltr'>cus,</span> <span class='ocrx_word' id='word_1_494' title='bbox 972 4573 1110 4653; x_wconf 87' lang='lat' dir='ltr'>quojure</span> <span class='ocrx_word' id='word_1_495' title='bbox 1124 4574 1203 4653; x_wconf 91' lang='lat' dir='ltr'>apud</span> <span class='ocrx_word' id='word_1_496' title='bbox 1218 4573 1364 4650; x_wconf 88' lang='lat' dir='ltr'>Cangium</span> <span class='ocrx_word' id='word_1_497' title='bbox 1385 4570 1423 4628; x_wconf 90' lang='lat' dir='ltr'>ab</span> <span class='ocrx_word' id='word_1_498' title='bbox 1442 4566 1557 4627; x_wconf 79' lang='grc'><strong>466646</strong></span> <span class='ocrx_word' id='word_1_499' title='bbox 1577 4569 1612 4628; x_wconf 79' lang='lat' dir='ltr'>tic</span> 
     </span>
     <span class='ocr_line' id='line_1_48' title="bbox 112 4663 1612 4749; baseline -0.001 -27"><span class='ocrx_word' id='word_1_500' title='bbox 112 4664 196 4739; x_wconf 87' lang='lat' dir='ltr'>rique</span> <span class='ocrx_word' id='word_1_501' title='bbox 223 4666 345 4728; x_wconf 87' lang='lat' dir='ltr'>Halniae</span> <span class='ocrx_word' id='word_1_502' title='bbox 367 4670 479 4728; x_wconf 88' lang='lat' dir='ltr'>servari</span> <span class='ocrx_word' id='word_1_503' title='bbox 506 4669 753 4728; x_wconf 86' lang='lat' dir='ltr'>commentarium</span> <span class='ocrx_word' id='word_1_504' title='bbox 775 4670 833 4730; x_wconf 83' lang='lat' dir='ltr'>MS.</span> <span class='ocrx_word' id='word_1_505' title='bbox 889 4666 1025 4749; x_wconf 78' lang='lat' dir='ltr'>Bucfcld,</span> <span class='ocrx_word' id='word_1_506' title='bbox 1041 4667 1078 4727; x_wconf 89' lang='lat' dir='ltr'>de</span> <span class='ocrx_word' id='word_1_507' title='bbox 1095 4684 1156 4744; x_wconf 88' lang='lat' dir='ltr'>quo</span> <span class='ocrx_word' id='word_1_508' title='bbox 1176 4665 1239 4743; x_wconf 86' lang='lat' dir='ltr'>jam</span> <span class='ocrx_word' id='word_1_509' title='bbox 1259 4663 1436 4733; x_wconf 88' lang='lat' dir='ltr'>memoravi,</span> <span class='ocrx_word' id='word_1_510' title='bbox 1458 4668 1612 4740; x_wconf 81' lang='lat' dir='ltr'>tamquam</span> 
     </span>
     <span class='ocr_line' id='line_1_49' title="bbox 847 4754 1532 4834; baseline -0.02 -7"><span class='ocrx_word' id='word_1_511' title='bbox 847 4813 853 4827; x_wconf 84' lang='lat'><strong>.</strong></span> <span class='ocrx_word' id='word_1_512' title='bbox 889 4762 1028 4822; x_wconf 89' lang='lat' dir='ltr'>diversus</span> <span class='ocrx_word' id='word_1_513' title='bbox 1045 4757 1194 4832; x_wconf 83' lang='lat' dir='ltr'>laudetur,</span> <span class='ocrx_word' id='word_1_514' title='bbox 1209 4774 1269 4818; x_wconf 90' lang='lat' dir='ltr'>non</span> <span class='ocrx_word' id='word_1_515' title='bbox 1283 4771 1407 4834; x_wconf 89' lang='lat' dir='ltr'>possum</span> <span class='ocrx_word' id='word_1_516' title='bbox 1425 4754 1532 4815; x_wconf 80' lang='lat' dir='ltr'>dicore.</span> 
     </span>
    </p>
   </div>
   <div class='ocr_carea' id='block_1_5' title="bbox 111 4871 1571 5011">
    <p class='ocr_par' dir='ltr' id='par_1_5' title="bbox 111 4871 1571 5011">
     <span class='ocr_line' id='line_1_50' title="bbox 152 4871 1571 4943; baseline 0.001 -21"><span class='ocrx_word' id='word_1_517' title='bbox 152 4875 178 4931; x_wconf 81' lang='lat' dir='ltr'>ai</span> <span class='ocrx_word' id='word_1_518' title='bbox 195 4874 255 4925; x_wconf 78' lang='grc'><strong>4466</strong></span> <span class='ocrx_word' id='word_1_519' title='bbox 271 4876 432 4931; x_wconf 75' lang='lat' dir='ltr'>licihominrn</span> <span class='ocrx_word' id='word_1_520' title='bbox 460 4886 531 4932; x_wconf 83' lang='lat' dir='ltr'>Tom.</span> <span class='ocrx_word' id='word_1_521' title='bbox 549 4883 591 4932; x_wconf 90' lang='lat' dir='ltr'>iil.</span> <span class='ocrx_word' id='word_1_522' title='bbox 609 4881 760 4943; x_wconf 79' lang='lat' dir='ltr'>scriptorum</span> <span class='ocrx_word' id='word_1_523' title='bbox 777 4886 838 4931; x_wconf 80' lang='lat' dir='ltr'>oer—</span> <span class='ocrx_word' id='word_1_524' title='bbox 929 4876 958 4937; x_wconf 92' lang='lat' dir='ltr'>b)</span> <span class='ocrx_word' id='word_1_525' title='bbox 974 4879 1104 4927; x_wconf 71' lang='lat' dir='ltr'>liemolres</span> <span class='ocrx_word' id='word_1_526' title='bbox 1121 4874 1152 4925; x_wconf 86' lang='grc'>66</span> <span class='ocrx_word' id='word_1_527' title='bbox 1167 4879 1281 4925; x_wconf 76' lang='lat' dir='ltr'>Tretous</span> <span class='ocrx_word' id='word_1_528' title='bbox 1299 4878 1326 4921; x_wconf 81' lang='grc'>,4.</span> <span class='ocrx_word' id='word_1_529' title='bbox 1345 4871 1415 4921; x_wconf 73' lang='grc'><strong>4447.</strong></span> <span class='ocrx_word' id='word_1_530' title='bbox 1434 4885 1490 4933; x_wconf 79' lang='lat' dir='ltr'>pag.</span> <span class='ocrx_word' id='word_1_531' title='bbox 1507 4873 1571 4923; x_wconf 71' lang='grc'><strong>864.</strong></span> 
     </span>
     <span class='ocr_line' id='line_1_51' title="bbox 111 4947 1571 5011; baseline 0.001 -16"><span class='ocrx_word' id='word_1_532' title='bbox 111 4952 209 4997; x_wconf 69' lang='lat' dir='ltr'>traantur</span> <span class='ocrx_word' id='word_1_533' title='bbox 226 4962 282 5011; x_wconf 78' lang='lat' dir='ltr'>pag.</span> <span class='ocrx_word' id='word_1_534' title='bbox 301 4951 340 5000; x_wconf 75' lang='lat'>57.</span> <span class='ocrx_word' id='word_1_535' title='bbox 931 4951 956 5011; x_wconf 90' lang='grc'>6)</span> <span class='ocrx_word' id='word_1_536' title='bbox 974 4957 1034 5003; x_wconf 76' lang='lat' dir='ltr'>acta</span> <span class='ocrx_word' id='word_1_537' title='bbox 1051 4953 1181 5002; x_wconf 75' lang='lat' dir='ltr'>litteraria</span> <span class='ocrx_word' id='word_1_538' title='bbox 1199 4951 1299 4999; x_wconf 80' lang='lat' dir='ltr'>sveciae</span> <span class='ocrx_word' id='word_1_539' title='bbox 1319 4954 1347 4998; x_wconf 79' lang='grc'>4.</span> <span class='ocrx_word' id='word_1_540' title='bbox 1368 4947 1436 4996; x_wconf 65' lang='lat' dir='ltr'>lito.</span> <span class='ocrx_word' id='word_1_541' title='bbox 1454 4955 1513 5008; x_wconf 77' lang='lat' dir='ltr'>pag.</span> <span class='ocrx_word' id='word_1_542' title='bbox 1532 4949 1571 4997; x_wconf 74' lang='lat'>2’5.</span> 
     </span>
    </p>
   </div>
   <div class='ocr_carea' id='block_1_6' title="bbox 0 0 1734 5332">
    <p class='ocr_par' dir='ltr' id='par_1_6' title="bbox 0 0 1734 5332">
     <span class='ocr_line' id='line_1_52' title="bbox 0 0 1734 5332; baseline 0 5"><span class='ocrx_word' id='word_1_543' title='bbox 0 0 1734 5332; x_wconf 95' lang='lat' dir='ltr'> </span> 
     </span>
    </p>
   </div>
  </div>
 </body>
</html>
