3458 5332
111 339 165 388 XIV

110 436 170 495 mio
197 431 328 502 delectu,
352 443 388 491 ac
414 424 517 488 sedula
554 428 827 504 commentatione,

112 521 146 577 ut
174 528 252 593 quaa
279 506 489 590 perlustranda
516 515 611 583 erant,
640 515 829 570 scrutaretur

111 604 203 674 atque
221 596 386 661 excuteret,
404 596 435 648 et
450 596 589 649 accurate
604 585 829 667 perpenderet?

111 675 225 753 Obtigit
243 672 362 733 taudem
381 676 415 731 ut
432 686 535 731 earum
555 687 665 739 rerum,
682 688 760 749 quae
776 687 827 731 ve·

112 759 200 818 ritate
219 755 312 830 magis
328 750 555 810 commendatae
566 759 669 811 essent
681 753 829 811 recensio·

113 855 149 898 ne
167 844 198 895 et
212 834 287 894 bene
305 838 419 893 structa
437 832 629 891 collocatione
640 839 763 893 ‘tantam
781 848 829 891 se·

112 924 210 996 getem
229 920 394 992 appararet,
408 929 486 990 quae
522 929 577 973 sex
610 915 731 972 omniuo
742 929 830 990 grau·

112 996 243 1058 dioribos
281 993 484 1054 voluminibus
514 992 680 1053 lautissime
711 1002 831 1054 struen-

112 1078 159 1139 dis
176 1074 360 1153 edendisque
379 1080 563 1151 suppeteret.
578 1073 721 1133 Errarent
743 1090 829 1150 porro

112 1159 300 1234 turpissime,
317 1156 367 1233 qui
386 1170 441 1215 seu
459 1154 487 1212 in
506 1169 584 1213 novo
599 1154 654 1214 hoc
672 1154 828 1232 praediviti

110 1240 305 1300 conciliorum
331 1236 542 1314 supplemento
558 1234 751 1310 conficiendo,
774 1252 829 1296 scu

112 1321 141 1380 iu
156 1317 374 1380 Ecclesiasticis
389 1314 564 1375 Annalibus.
578 1331 653 1394 quos
668 1323 754 1375 autea
770 1333 831 1376 ma·

114 1400 310 1468 mutavimus,
324 1395 551 1472 diligentissime
568 1395 758 1474 expoliendis
769 1413 831 1456 ma·

113 1481 229 1542 ximum
244 1485 275 1538 et
286 1476 441 1539 assiduum
455 1476 664 1537 tantummodo
675 1478 775 1536 blansii
790 1477 831 1537 la·

112 1560 214 1620 borem
228 1561 257 1617 in
271 1560 383 1634 praetio
394 1555 563 1616 habendum
575 1573 642 1616 esse
654 1564 825 1617 censerent.

146 1640 237 1711 Quasi
257 1638 332 1696 Vero
352 1638 503 1707 Luuigius.
517 1637 707 1713 hudevigius,
720 1638 832 1700 llache-

116 1721 201 1788 rius,
218 1719 391 1790 ldartenius,
418 1715 615 1792 liabillonius,
642 1720 830 1794 lluratorius,

116 1799 327 1862 Tirabosolitns
356 1800 508 1874 ceterique
525 1815 631 1860 omnes
645 1800 759 1877 impigri
778 1817 831 1859 an·

117 1882 264 1960 tiquitatis
274 1879 524 1956 conquisitores,a
540 1881 650 1957 quibus
665 1888 765 1940 tantas
779 1880 830 1939 do-

114 1964 279 2022 ctrinarum
308 1961 454 2020 utilitates
483 1964 663 2036 accepimus,
691 1961 829 2022 industrii

118 2041 276 2103 dumtaxat
293 2047 324 2098 et
356 2039 491 2100 laboriosi
518 2040 655 2101 homines
676 2043 829 2119 appellau-

116 2121 145 2182 di
157 2128 270 2194 essent,
282 2119 403 2181 litterali
416 2126 447 2178 et
464 2119 541 2180 docti
559 2139 616 2181 uon
632 2125 714 2189 item,
726 2131 829 2181 contra

115 2221 205 2282 quam
216 2217 368 2263 consensu
382 2202 516 2261 omnium
532 2208 564 2259 et
578 2219 629 2276 pro
647 2205 687 2261 rei
705 2203 830 2261 veritate

110 2282 278 2361 judicatum
296 2282 363 2343 luit.
379 2281 435 2352 Qui
453 2283 534 2340 enim
552 2281 614 2340 lere
632 2281 778 2342 infinitam
798 2283 831 2342 li-

116 2366 236 2425 bmrum
262 2368 293 2420 et
322 2367 585 2423 monumentorum
606 2362 829 2425 multitudinem

116 2442 299 2507 acutioribus
322 2445 433 2501 mentis
458 2442 552 2502 oculis
576 2445 736 2521 inquirere,
754 2450 830 2502 tem·

114 2542 220 2605 porum
238 2532 269 2582 et
284 2539 384 2583 rerum
413 2522 541 2582 latebras
566 2540 732 2600 peragrare,
757 2524 830 2583 [alsa

115 2623 133 2668 a
156 2607 238 2665 veris
254 2603 424 2677 decernere,
441 2605 552 2678 optima
576 2603 715 2682 deligere,
739 2612 830 2680 atque

114 2693 182 2765 apte
195 2687 420 2761 illuminateque.
431 2682 589 2759 disponere
601 2688 676 2744 sciat
691 2687 830 2763 (quema-

115 2768 257 2833 dmodum
273 2783 289 2826 a
304 2765 416 2825 Mansio
435 2764 545 2824 iactum
565 2764 657 2825 luisse
676 2768 829 2839 novimus)

116 2849 246 2911 nonnisi
263 2845 521 2926 praestantissima
547 2862 614 2905 esse
633 2848 661 2906 iii
680 2864 714 2907 eo
731 2854 829 2924 potest

116 2930 225 3009 ingenii
243 2937 274 2988 et
285 2929 447 2987 'memoriae
466 2930 560 2985 viset
578 2928 746 3006 intelligens
762 2944 829 3005 gra-

116 3012 336 3087 vissimumque
350 3005 506 3083 judicium,
518 3013 609 3084 atque
623 3009 748 3067 eruditio
763 3026 829 3086 per·

117 3094 202 3154 lecta.
222 3093 330 3151 Verum
349 3090 462 3165 reliqua
479 3088 581 3147 blansii
599 3106 686 3165 opera
712 3093 829 3165 (neque

116 3177 197 3236 enim
218 3174 257 3234 ita
272 3185 367 3249 pauca
384 3175 466 3244 suut,
477 3176 529 3228 aut
544 3171 645 3229 niiiius
661 3170 831 3243 elaborata)

115 3270 342 3336 persequamur.

154 3336 292 3398 Occurrit
308 3339 410 3393 autem
443 3329 546 3390 statim
574 3347 650 3390 nova
678 3329 768 3391 editio
793 3329 831 3390 ab

116 3435 151 3478 eo
162 3418 339 3477 concinnata
352 3411 577 3473 Ecclesiasticae
593 3411 671 3471 illius
692 3411 832 3471 historiae

116 3514 206 3577 quam
223 3493 334 3555 Natalis
351 3488 585 3551 alexanuutt
602 3494 830 3569 conscripserat,

118 3577 255 3640 etdoctis
272 3589 368 3651 aeque
385 3585 419 3630 ac
433 3571 594 3631 luculentis
611 3570 832 3632 dissertationi-

116 3660 173 3719 bus
195 3657 408 3717 illustraverat.
422 3652 651 3711 Euarratinnum
674 3669 741 3730 ope,
757 3666 833 3729 quas

118 3746 220 3820 postea
237 3737 456 3796 Constantinus
474 3730 652 3811 lioncapliua
668 3733 703 3793 ad
722 3750 756 3793 ea
784 3750 833 3793 ca·

118 3824 188 3902 pita,
203 3821 232 3878 in
251 3815 362 3895 quibus
381 3816 486 3874 vitium
508 3824 572 3873 erat
588 3814 726 3890 peducle
743 3831 833 3892 appo-

117 3906 189 3967 suit,
205 3911 380 3961 acensurae
395 3902 474 3967 uota,
488 3911 564 3971 quae
588 3896 730 3954 universo
750 3894 830 3973 operi

117 3984 156 4044 ab
177 3979 349 4042 innocentio
370 3972 413 4034 xl
441 3974 536 4034 iuerat
567 3991 624 4034 nou
653 3976 745 4035 semel
770 3981 835 4034 inu·

119 4063 286 4142 staltleam
299 4069 422 4136 prorsus
434 4055 551 4114 liberari
562 4072 598 4115 ex
611 4058 836 4116 sententiasuc·

117 4148 276 4303 ceilsggge
293 4227 394 4277 tamen
423 4216 568 4294 praetium
593 4222 659 4276 erat
682 4215 835 4293 complura

120 4303 240 4378 addere,
258 4315 336 4380 quae
354 4304 423 4376 post
439 4295 599 4357 Alexandri
617 4296 730 4357 obitum
752 4297 837 4356 evul-

163 4491 198 4551 (t)
215 4488 332 4538 Primum
348 4487 390 4535 die
409 4487 438 4533 lll
455 4483 516 4533 Julii
536 4487 597 4544 lbet
610 4482 703 4531 deinde
716 4486 747 4531 ad
760 4482 837 4531 Febr.

123 4555 194 4602 letti.
213 4551 276 4600 Vide
294 4552 430 4615 hleyeium
457 4545 589 4597 hlozzium
615 4545 666 4593 vol.
694 4545 715 4593 Ι.
739 4559 780 4606 op.
801 4547 838 4595 iri·

121 4618 208 4678 scripti
220 4615 380 4676 Compendio
395 4612 495 4659 Storicn
512 4609 674 4659 cronoloaieo
689 4608 714 4656 di
732 4610 774 4668 pid
791 4609 837 4657 im.

122 4681 235 4742 portanti
249 4678 344 4738 giudiai
363 4677 456 4738 portati
483 4675 549 4721 dalla
566 4673 593 4721 S.
610 4671 676 4719 Sede
692 4671 837 4732 Aposinltea

121 4744 199 4793 llom.
216 4754 293 4804 sopra
309 4741 325 4788 il
344 4734 720 4804 Bajanlemo,liianseniuisuio
736 4748 751 4782 e
768 4733 838 4795 Quo.

120 4804 265 4856 tuellisniu.

163 4871 200 4930 (³)
216 4867 294 4916 Liber
312 4870 368 4915 erril
383 4863 522 4924 inscriptus
532 4857 716 4922 Erpllcuzione
726 4859 754 4906 dt
766 4866 839 4921 qnot-

123 4938 165 4980 tro
177 4930 320 4992 poenitent
337 4930 423 4992 ibique
440 4940 500 4990 pag.
517 4929 547 4974 tr
564 4923 710 4981 tegebatur.
734 4922 756 4970 ll
772 4923 840 4971 libro

649 318 676 378 J.
708 318 818 380 uolt.
849 315 1034 380 MANSlI

882 434 949 506 gata
964 425 1001 487 ad
1021 427 1173 487 historiam
1186 424 1390 489 exornandam
1400 428 1577 504 potissimum

883 507 1105 569 conducebant:
1123 523 1180 568 nec
1195 509 1279 583 pauci
1300 507 1517 584 insupererant
1531 510 1586 585 lori,

883 605 959 666 quos
970 607 987 648 a
1000 591 1087 649 novis
1100 589 1321 651 haereticorum
1336 591 1508 663 etBaanagii
1520 607 1592 669 prae

883 671 987 728 sertim
1006 668 1265 730 criminationibus
1282 668 1425 730 vindicari
1439 671 1590 748 plurimun

885 750 1081 811 interfuisset.
1097 753 1173 811 llaec
1192 766 1264 809 vero
1279 747 1439 826 diligenter
1460 755 1592 830 praestita

885 847 952 890 esse
971 848 988 891 a
1007 833 1120 892 blansio
1133 831 1288 908 perspicue
1300 829 1454 891 declarant
1468 833 1592 895 selectis·

885 913 979 970 simae
997 912 1273 972 animadversiones
1298 910 1467 972 eruditione
1493 911 1593 973 doctri·

888 1008 985 1070 naque
1004 993 1120 1069 plenae,
1135 1007 1212 1070 quas
1241 998 1461 1069 peropportuno
1494 999 1524 1052 et
1546 993 1593 1054 lte·

886 1082 1016 1150 quanter
1031 1072 1147 1133 addidit
1170 1089 1228 1132 non
1247 1071 1388 1132 mediocri
1406 1072 1491 1134 etad
1517 1073 1596 1134 histo

886 1156 947 1212 riae
979 1156 1150 1219 veritatem,
1184 1160 1215 1212 et
1248 1151 1412 1215 adversum
1448 1161 1597 1234 perpetuos

887 1235 1038 1311 religionis
1055 1235 1157 1294 hostes
1178 1234 1332 1311 praesidio.

926 1315 983 1374 Sed
1004 1323 1037 1375 ut
1054 1323 1197 1393 tyronum
1224 1315 1326 1378 etiam.
1341 1330 1508 1393 eorumque
1524 1332 1596 1394 prae

886 1397 991 1455 sertim
1025 1399 1075 1473 qui
1107 1397 1258 1455 tenuiores
1293 1402 1422 1468 essent,
1451 1396 1597 1457 commodo

886 1476 1067 1548 consuleret,
1085 1474 1122 1535 de
1141 1492 1219 1535 iiova
1236 1491 1357 1553 quoque
1378 1474 1509 1536 editione
1528 1478 1596 1555 cogi

887 1557 963 1616 tavit
1001 1557 1147 1616 brevioris
1182 1556 1411 1616 Ecclesiasticae
1447 1555 1596 1633 historiae,

886 1653 976 1714 quam
1010 1639 1174 1714 hyacintus
1201 1632 1472 1697 Gaxvason'lus
1497 1638 1597 1716 perut'e

887 1717 953 1775 liter
967 1726 1172 1777 contexuerat.
1191 1717 1292 1794 Neque
1312 1732 1382 1775 vero
1400 1718 1499 1778 solum
1517 1726 1548 1778 et
1559 1725 1597 1779 al·

886 1799 999 1857 tentius
1021 1800 1171 1876 recognita
1202 1813 1220 1856 a
1253 1799 1364 1857 blansio
1395 1798 1461 1875 ipsa
1492 1807 1548 1870 est,
1572 1803 1598 1859 et

885 1878 1068 1939 cumulatius
1105 1877 1266 1954 adornata3
1306 1876 1360 1936 sed
1399 1882 1592 1941 recentiorum

886 1975 1005 2037 quoque.
1026 1966 1195 2036 temporum
1218 1958 1357 2018 historica
1390 1959 1541 2037 appendix
1566 1956 1598 2021 ad
1627 1958 1636 1979 ⁰

885 2041 1057 2100 Gravesonii
1074 2055 1208 2098 normam
1224 2037 1349 2098 adiecta.

922 2121 999 2179 Dum
1012 2127 1042 2178 et
1060 2120 1209 2195 religionis
1221 2127 1253 2178 et
1270 2119 1437 2180 litterarum
1451 2119 1529 2181 bono
1543 2128 1596 2183 tam

888 2199 1024 2261 sedulam
1044 2216 1209 2277 numquam
1228 2199 1366 2260 defessus
1384 2210 1517 2262 navarat
1537 2219 1599 2282 ope·

888 2298 962 2355 ram,
996 2281 1067 2340 nihil
1096 2296 1169 2340 sane
1199 2282 1384 2358 inopinatum
1414 2281 1489 2342 adeo
1516 2292 1600 2363 atque

888 2363 1120 2439 inespectatum,
1140 2377 1232 2438 quam
1268 2369 1301 2422 ut
1334 2368 1404 2421 ante
1439 2364 1600 2426 Romanum

886 2442 1122 2520 Tribuual,quud
1133 2440 1396 2520 congregationem
1409 2442 1518 2506 Indicis
1531 2463 1600 2508 uun·

885 2530 1007 2600 cupuiit,
1021 2530 1230 2584 vocaretur.llt
1241 2527 1369 2598 cuipiam
1381 2524 1533 2602 (concinui
1545 2542 1598 2587 nou

885 2605 978 2663 intimi
992 2605 1044 2664 loci
1065 2605 1211 2678 Theologn
1224 2609 1284 2680 iqui
1302 2604 1331 2662 iri
1351 2607 1456 2664 naevis
1470 2607 1599 2668 Probabi-

885 2686 1020 2745 lislarum
1036 2688 1178 2747 rimandis
1190 2697 1242 2749 aut
1258 2682 1375 2744 mendis
1386 2686 1600 2767 exaggerandis

882 2775 1065 2830 contentioni
1079 2773 1248 2848 plusculum
1260 2770 1451 2829 etacerbitati
1464 2776 1595 2843 naturae,

884 2871 974 2932 quam
991 2857 1107 2913 veritati
1126 2856 1222 2929 largiri
1241 2854 1439 2920 assueverat)
1463 2850 1595 2912 liberiora

884 2936 1029 3013 quaedam
1052 2943 1083 2994 et
1096 2937 1230 2994 censoria
1251 2933 1400 2991 notatione
1418 2930 1508 3007 digna
1523 2932 1593 2992 forte

884 3021 947 3076 visa
971 3024 1042 3076 sunt
1057 3019 1200 3075 contineri
1220 3016 1248 3073 in
1264 3030 1299 3071 eo
1318 3013 1399 3075 libro.
1413 3028 1506 3088 quem
1533 3028 1597 3073 suo·

886 3115 952 3157 rum
983 3099 1116 3158 omnium
1151 3098 1278 3173 primum
1313 3093 1427 3153 editum
1450 3108 1468 3151 a
1489 3093 1597 3154 blansio

887 3178 978 3237 luisse
995 3177 1108 3237 dictum
1124 3193 1179 3235 suo
1195 3177 1257 3236 locu
1274 3181 1332 3233 est.
1347 3172 1503 3233 Eiusmodi
1519 3190 1598 3253 praa·

888 3265 967 3318 terea
989 3259 1225 3318 criminationem
1245 3263 1278 3315 ut
1308 3261 1340 3315 ut
1357 3257 1521 3314 severioris
1551 3252 1599 3312 do·

886 3340 999 3398 ctrinae
1023 3341 1234 3399 tenacissimus
1255 3336 1422 3407 Theologus
1457 3333 1506 3395 ille
1527 3337 1604 3394 esset

888 3421 1003 3479 veritus
1016 3422 1137 3480 minime
1157 3421 1252 3479 luerat
1266 3419 1388 3476 Venetis
1405 3417 1488 3496 typis
1506 3434 1535 3476 in
1553 3430 1604 3475 suo

888 3499 1015 3576 quodam
1038 3518 1127 3576 opere
1150 3500 1187 3581 (3)
1209 3498 1396 3575 pervulgare.

931 3581 1038 3640 Verum
1068 3582 1153 3640 aliter
1174 3597 1222 3639 res
1242 3578 1350 3639 cecidit
1370 3595 1405 3639 ac
1427 3583 1604 3656 putaverat,

891 3660 1604 3738 namEpistolisadRomanumtribuualallansio

892 3744 993 3801 missis
1014 3744 1124 3803 lactum
1147 3744 1229 3802 brevi
1261 3749 1318 3809 est,
1343 3747 1375 3800 ut
1410 3744 1522 3801 nomini
1554 3756 1606 3801 suo

890 3840 1011 3902 aspersa
1030 3826 1216 3900 iniquissima
1235 3821 1319 3881 labes
1340 3821 1480 3898 periacile
1495 3839 1603 3883 evane-

890 3914 996 3974 sceret,
1007 3907 1031 3963 si
1044 3904 1164 3981 quidem
1173 3904 1345 3980 planissime
1357 3901 1502 3971 ostendit,
1515 3918 1603 3980 quam

891 3986 1005 4046 detorta
1036 3995 1126 4062 atque
1149 3984 1267 4058 indigua
1290 3982 1397 4042 luisset
1425 3984 1607 4044 accusatoris

892 4066 1104 4144 interpretatio,
1126 4067 1164 4124 ita
1188 4072 1220 4123 ut
1241 4075 1272 4121 et
1293 4064 1476 4137 Riochiuius,
1502 4068 1552 4143 qui
1575 4064 1606 4124 il·

892 4147 950 4206 lius
970 4146 1207 4222 congregationis
1227 4160 1243 4203 a
1261 4145 1385 4203 secretis
1402 4153 1478 4218 erat,
1497 4152 1529 4205 et
1543 4147 1611 4207 Car-

893 4227 1007 4287 dinales
1028 4229 1189 4288 Besnzzius
1209 4233 1299 4301 atque
1327 4224 1477 4285 Gentilius
1498 4228 1539 4303 (d)
1561 4225 1610 4305 qui

891 4310 1029 4368 eximiam
1062 4308 1200 4367 Auctoris
1231 4304 1397 4364 doctrinam
1425 4322 1548 4367 summu
1580 4309 1607 4366 iu

894 4484 999 4546 quondo
1015 4495 1067 4528 non
1085 4480 1110 4527 lo
1126 4479 1223 4540 stumpi
1242 4484 1366 4540 epnrporo
1382 4479 1418 4526 du
1433 4482 1513 4529 mulla
1523 4494 1616 4545 propo·

893 4547 964 4595 atoni
979 4546 1047 4606 sulse
1068 4557 1081 4590 e
1097 4543 1264 4593 scandaloso.
1283 4543 1415 4590 c'intende
1431 4545 1524 4600 (corne
1540 4548 1614 4594 dne·

894 4610 962 4656 turio
981 4612 1009 4655 in
1026 4607 1118 4662 llomri)
1135 4605 1176 4652 riu
1193 4610 1262 4651 stato
1279 4606 1459 4654 eontlcnnuto.

945 4670 1130 4744 (tJEiitrondo.
1143 4681 1159 4713 u
1171 4670 1269 4714 misuro
1280 4667 1349 4742 dello
1359 4669 1525 4730 particulare
1536 4673 1632 4747 stiriaq-

894 4735 1177 4861 {llllltllt‘lll
1185 4732 1358 4852 ‚titillet
1370 4731 1616 4849 lahstite&

897 4865 929 4911 lvo
944 4864 1057 4923 prouulo
1072 4859 1153 4904 molto
1168 4861 1274 4918 placere
1291 4856 1337 4903 clla
1355 4869 1409 4905 non
1426 4860 1532 4921 simper
1546 4860 1617 4921 sorti

896 4927 945 4990 pto
961 4924 988 4970 lu
1005 4921 1134 4968 mortono
1149 4920 1280 4967 reluzlone
1296 4919 1338 4967 dcl
1353 4931 1401 4966 tiro
1418 4921 1496 4975 libro,
1510 4936 1560 4985 per
1575 4922 1618 4973 cul

121 4995 163 5043 dcl
179 4992 212 5042 P.
229 4993 320 5044 dionei
333 4991 366 5054 sit
383 4989 541 5040 dennnxlutc
557 4987 615 5035 ullu
632 4984 660 5034 S.
679 4984 775 5048 conpr.
789 4986 841 5034 del·
901 4999 976 5048 aper
991 4983 1013 5032 u
1029 4983 1185 5031 benemerito
1200 4983 1299 5029 Autore
1314 4983 1412 5055 poderd
1439 4984 1482 5032 del
1498 4986 1569 5058 part
1590 4984 1619 5035 dt

122 5058 237 5108 l'indice
252 5059 266 5108 t
281 5060 354 5104 stolo
368 5052 520 5103 maritandis
533 5050 603 5101 dallo
615 5047 803 5111 prorcrirlone.
817 5047 844 5096 Β
900 5055 976 5114 poter
990 5059 1090 5110 temper
1105 5058 1155 5094 con
1167 5042 1252 5105 {rullo
1277 5044 1424 5108 imptepura
1439 5059 1505 5110 opion
1517 5049 1569 5112 pto
1583 5046 1620 5111 'i‘
