3458 5332
201 348 262 413 253
809 336 1101 399 suavinus

239 457 395 530 Quaestio:
416 455 520 515 t’trum
549 443 709 525 ineffabilis
726 450 756 506 44
781 444 925 506 immenso
980 442 1167 506 credibiliora
1195 450 1281 519 eunt,
1299 460 1378 523 quae
1406 452 1556 507 notavere
1581 448 1706 511 loannes

202 552 275 613 ns!
289 548 417 611 essentia
428 544 525 628 possit
535 558 600 605 esse
615 544 777 601 creaturae
785 537 926 621 formalis
979 537 1114 600 lihodius
1124 536 1162 598 ad
1179 538 1368 600 Scribonium
1384 540 1517 620 largum
1529 558 1560 621 p.
1575 542 1637 603 280
1647 558 1704 623 seq.

202 643 328 724 eopnitio
344 640 393 703 vel
404 640 518 719 prolia.
980 630 1344 693 Valeriuschimentellus
1353 630 1392 693 de
1401 631 1518 695 honore
1528 634 1706 717 biselliicop

241 732 495 799 lleeommendotio
510 728 830 809 souoascrrpmme,
846 742 926 809 quae
980 724 1020 785 2⁰
1036 732 1109 785 torn.
1126 726 1179 787 vlt
1196 724 1343 787 Thesauri
1367 724 1601 805 Antiquitatum
1630 730 1704 791 44444

203 832 322 911 incipit:
360 827 477 891 Olivam
509 822 646 902 uberem,
673 820 836 903 pulcram,
866 828 925 881 etc.
980 820 1141 881 Graeviani
1170 836 1236 899 pag.
1270 819 1350 882 2004
1377 836 1445 900 seq.
1474 828 1509 883 et
1540 822 1705 885 4444444444

206 926 353 986 terentiae
369 924 422 984 xl.
981 914 1210 975 hlontlauconus
1226 914 1256 973 in
1273 915 1372 975 4444444
1385 916 1490 977 ltalioo
1506 934 1577 997 pag.
1599 914 1674 987 4504

244 1018 310 1079 hlia
319 1011 569 1078 recommendatio
582 1012 699 1074 Sacrae
708 1009 888 1090 Scripherae
896 1012 929 1068 et
1025 1004 1121 1068 Gurdo
1132 1006 1702 1089 siveGerardusdeBlilhliSQhB,0r·

203 1110 371 1173 Facullotir
390 1104 580 1187 4444449444,
597 1120 675 1184 quae
693 1104 808 1185 incipit:
829 1102 930 1181 Super
984 1101 1233 1175 dinishiinorum,
1246 1104 1356 1163 4444444
1369 1104 1554 1165 Parisiensis
1566 1108 1701 1169 etteeta

203 1222 319 1266 omnem
335 1198 562 1281 terramploria
578 1202 643 1271 tara,
662 1198 739 1259 Psal.
753 1198 826 1258 tvl.
983 1196 1162 1272 Tolosanus,
1188 1198 1269 1256 eirea
1297 1194 1422 1257 Annum
1456 1195 1549 1259 4440.
1582 1199 1699 1281 Scripta

245 1300 378 1360 Primum
400 1296 581 1372 Principium
603 1307 698 1371 super
712 1288 860 1352 4444444444
879 1288 931 1350 Bi-
983 1288 1314 1351 Commentariorumin
1328 1288 1371 1351 W
1379 1286 1476 1351 440444
1485 1292 1696 1354 Sententiam

206 1387 346 1466 lationem,
366 1387 446 1467 quod
460 1387 582 1465 incipit:
602 1384 674 1445 Tota
682 1382 796 1465 pulcra
809 1400 841 1446 44
855 1380 932 1443 omi-
984 1380 1027 1443 ad
1042 1386 1167 1443 44444444
1182 1380 1431 1455 Scoli,editorum
1443 1384 1510 1444 Pur.
1523 1385 1615 1461 4544,
1626 1387 1694 1455 4444,

206 1502 244 1543 ca
256 1500 332 1543 mea,
986 1476 1014 1535 4.
1031 1476 1132 1557 Atque
1149 1476 1185 1535 ln
1201 1479 1312 1555 septem
1330 1472 1469 1537 Psalmos
1487 1476 1695 1541 Paenitentiam

246 1571 704 1654 Secundamlhincipnm,quod
717 1572 833 1650 incipit:
846 1568 934 1631 47444-
986 1576 1019 1631 44
1048 1570 1080 1630 in
1108 1568 1285 1653 Dionysiam
1306 1564 1523 1653 Areopapilam
1542 1570 1582 1633 de
1599 1570 1693 1635 4444444

203 1668 311 1751 ficavit
336 1668 469 1745 turrim,
498 1672 528 1729 44
551 1665 662 1730 lorum!
684 1682 751 1728 eum
770 1662 932 1745 4494444444,
987 1660 1170 1725 hierarchia.

207 1764 297 1823 hlorci
313 1758 380 1825 xtt.
873 1828 886 1847 Ι,
1027 1758 1243 1819 antenontts
1258 1757 1400 1851 Sophiste
1415 1757 1612 1836 oxoniensis,
1620 1776 1690 1841 quen

248 1856 664 1935 Collationesquatuorsuper
675 1850 933 1918 commendatione
986 1852 1096 1913 Baleus
1112 1852 1141 1912 X
1159 1852 1197 1913 89
1211 1868 1251 1912 er
1267 1852 1411 1929 Lelando,
1428 1860 1463 1914 et
1477 1854 1598 1917 Pitseus
1613 1854 1689 1935 pth

207 1948 386 2031 superae
402 1952 528 2025 Sacrae,
544 1965 623 2028 quae
637 1963 744 2009 onrnes
765 1948 930 2027 incipiunt:
986 1946 1122 2007 reierunt
1138 1946 1299 2025 scripsisse
1312 1943 1551 2025 hypomnematu
1562 1950 1591 2009 in
1600 1948 1689 2011 taso

207 2045 322 2125 llepino
332 2043 449 2106 Austri.
985 2038 1056 2099 telis
1071 2040 1169 2118 priora
1184 2044 1217 2099 et
1232 2040 1396 2118 posteriora
1413 2038 1586 2119 hnslptica:
1607 2043 1634 2103 44
1648 2042 1688 2103 44

247 2138 407 2212 Quaestio:
426 2139 532 2199 etrum
540 2137 599 2219 jus
617 2134 731 2216 reputes
756 2132 884 2197 dominii
901 2134 933 2195 ia
985 2133 1052 2212 pica
1067 2128 1205 2210 ejusdem
1221 2138 1253 2194 et
1270 2132 1456 2211 sophisticos
1478 2134 1631 2197 Elenohos.

206 2250 299 2313 repro
315 2231 436 2293 animae
455 2228 616 2292 4444444444
639 2227 700 2291 4444
716 2232 864 2310 competat
881 2244 934 2291 uo-
1026 2226 1686 2303 naturunrttt'S,stveuntnumrttuste

207 2326 325 2388 tantali.
987 2320 1076 2382 lando
1091 2337 1157 2400 cap.
1175 2321 1233 2383 430
1250 2319 1485 2403 444444444444,
1501 2322 1685 2405 Saxo,hl1he

248 2420 409 2493 Quaestio:
430 2419 534 2478 llhatm
551 2412 673 2496 Lucifer
686 2414 728 2476 sil
741 2414 934 2476 omniumsa·
987 2417 1035 2475 nis
1045 2414 1226 2493 discipulus,
1236 2414 1400 2477 Monachus
1410 2416 1686 2493 nomesteostaera

204 2510 430 2593 pientissimus,
446 2526 505 2569 aon
521 2506 934 2589 obstantequodsitomnium
986 2509 1109 2572 Annam
1128 2509 1205 2570 4000
1226 2510 1348 2588 scripsit
1371 2508 1404 2569 in
1420 2510 1535 2572 lledom
1554 2510 1591 2574 de
1604 2524 1686 2573 44444

205 2602 367 2687 pessimus.
914 2596 917 2603 '
986 2608 1101 2665 natura
1111 2601 1187 2664 etde
1203 2599 1685 2683 temporibus,eommenturiaedlu

249 2698 385 2759 Tertium
405 2698 597 2779 Principium.
988 2704 1070 2757 torno
1086 2694 1219 2758 secundo
1234 2694 1333 2758 Bodae
1347 2713 1488 2776 operum,
1503 2706 1538 2761 ut
1547 2712 1685 2779 supruptt

251 2790 398 2865 Quartum
415 2792 606 2871 Principium.
920 2804 925 2815 ·
988 2789 1046 2853 474
1060 2797 1163 2851 notare
1180 2806 1229 2851 me
1245 2793 1376 2852 memini.
1391 2792 1493 2873 htque
1504 2790 1686 2873 eodempeti·

249 2884 415 2964 Responsio
427 2884 619 2957 Quaestionis
628 2887 658 2950 in
670 2888 815 2951 Sorhona:
828 2889 934 2950 Utrum
989 2890 1041 2945 net
1057 2882 1213 2944 lirideiorti
1232 2883 1397 2965 Computus
1413 2884 1687 2965 1444444444-

210 2978 307 3041 omna
316 2978 643 3058 trompressiodioinoe
653 2979 728 3063 lepis
736 2982 778 3043 sit
786 2978 933 3043 mortalis.
987 2992 1106 3053 mrum,
1123 2976 1362 3053 lletruscorum,
1379 2976 1593 3061 AEpyptiorum
1610 2974 1687 3042 etta

250 3073 393 3147 Quaestio
418 3073 649 3153 Vesperiarum:
668 3076 774 3137 Utrum
802 3075 934 3137 Thomas
984 3068 1123 3150 plerum,
1156 3070 1209 3149 qui
1238 3078 1340 3133 exstat
1374 3072 1436 3134 lis
1468 3075 1499 3133 in
1520 3072 1686 3137 unitates

211 3166 304 3249 lepem
321 3166 484 3233 CHRISTI
494 3166 626 3247 firmiter
641 3169 778 3231 tenuerat.
987 3162 1157 3242 Bodleiana.
1169 3162 1316 3243 Ejusdem
1332 3165 1429 3227 Vitam
1443 3164 1687 3245 stimulantis

250 3263 393 3336 Quaestio
407 3258 621 3341 Vesperiarurn
638 3264 668 3323 in
683 3263 815 3324 Licentia
829 3268 861 3323 et
875 3262 937 3325 hla-
988 3257 1169 3340 chiepiscopi
1178 3260 1420 3337 cantuariensis,
1434 3259 1561 3323 Annas
1570 3258 1686 3329 44444004

210 3358 332 3435 gisterio
348 3352 499 3436 nadulpti
519 3352 556 3415 'de
573 3356 685 3417 Porto:
705 3354 815 3417 Utrum
831 3360 935 3436 portae
988 3347 1082 3411 edidit
1097 3352 1306 3413 llenschenius
1323 3354 1353 3413 in
1370 3351 1457 3415 hotis
1473 3354 1647 3419 Sanctorum
1661 3350 1687 3413 tt

210 3451 351 3513 coelestis
367 3448 483 3510 aditum
499 3446 589 3507 decor
603 3449 770 3509 intraverit.
987 3444 1056 3521 hlaji
1070 3448 1142 3505 tom.
1155 3446 1195 3506 lv
1211 3456 1239 3525 p.
1255 3446 1323 3507 ets.
1340 3445 1501 3511 Praeterea
1513 3446 1639 3511 loannes
1650 3446 1689 3521 Bt

251 3541 395 3603 Laudatio
422 3556 477 3601 seu
503 3541 706 3619 Vesperisatio
727 3538 881 3622 lladulplii
898 3538 935 3602 de
989 3534 1056 3597 leus
1070 3538 1300 3619 centuatoap.
1311 3540 1351 3601 35
1362 3547 1512 3603 memorat
1528 3540 1595 3623 eius
1603 3528 1688 3605 40444

212 3636 307 3699 Porto
322 3633 380 3695 suh
394 3630 450 3693 hoo
466 3632 571 3695 titulo:
588 3635 651 3695 Hoc
667 3640 713 3695 est
728 3626 810 3714 Opus
823 3633 904 3696 nst.
989 3630 1026 3692 dc
1036 3631 1199 3713 principiis
1214 3632 1451 3713 Mathematicus,
1468 3642 1502 3697 et
1515 3632 1648 3701 aliumdr
1658 3630 1690 3693 44

252 3728 395 3800 Quaestio
411 3724 449 3787 do
464 3726 643 3807 hosumpta:
663 3728 769 3789 4444444
790 3726 864 3808 lepis
882 3744 938 3787 aa·
989 3724 1173 3788 stitututione
1186 3725 1411 3789 ldouuolrorum.

212 3820 324 3887 4444444
340 3836 471 3881 censura
482 3824 657 3901 peccantem
672 3818 705 3883 ia
721 3819 831 3903 lepem,
845 3838 936 3883 occu·
1030 3820 1060 3881 S.
1078 3819 1273 3897 antelam,
1290 3823 1403 3883 rectius
1419 3824 1690 3903 eihamensis·

211 3922 258 3979 444
271 3912 451 3977 mortaliter.
989 3914 1048 3975 lrlia
1065 3916 1177 3993 Birgeri
1191 3914 1295 3994 Regis,
1310 3916 1376 3975 sive
1393 3918 1521 3997 Legileri
1539 3916 1689 4000 Uplandiru

253 4011 411 4071 Lectiones
435 4006 467 4069 ia
489 4006 686 4087 lleunpelium
713 4006 795 4070 beati
810 4008 936 4070 lacrmis
990 4012 1060 4067 nata
1077 4004 1111 4067 h.
1131 4008 1218 4069 4304.
1240 4005 1348 4087 [hister
1372 4006 1441 4087 ejus
1463 4010 1649 4095 ingeburgis,
1663 4006 1688 4075 a}

211 4120 304 4183 super
322 4103 371 4164 4444
388 4102 499 4163 verba:
519 4100 627 4163 Omnio
650 4119 709 4184 per
735 4102 834 4182 iprum
850 4100 937 4183 [aeto
989 4102 1058 4161 avia
1074 4106 1223 4177 materna,
1240 4102 1361 4162 nomine
1375 4102 1616 4187 Sigridis,quunr
1627 4114 1690 4185 pret·

209 4203 300 4272 44444;
316 4204 347 4257 44
361 4212 453 4277 super
470 4194 567 4257 multa
579 4196 637 4257 alia
652 4197 775 4259 loannis
791 4204 823 4257 et
838 4203 938 4259 caete-
989 4200 1038 4255 ter
1053 4210 1118 4255 rem
1133 4211 1188 4274 pro
1204 4200 1302 4255 matre
1313 4195 1458 4273 Brigittae
1474 4198 1631 4261 venditant
1645 4192 1690 4277 ptr

211 4307 314 4357 rorum
330 4288 565 4368 Evangeliorum
580 4290 761 4351 testimonia.
990 4286 1100 4370 rique]
1120 4290 1167 4351 Ex
1182 4290 1309 4369 coniuge
1326 4289 1432 4351 lilione
1455 4288 1495 4353 de
1517 4292 1648 4369 Ulinesa,
1663 4282 1688 4351 bl

252 4379 417 4443 Guilelmus
445 4380 635 4445 ansuinus
660 4382 792 4461 anglus,
823 4385 934 4447 Rornae
988 4382 1122 4445 Nericiae
1135 4383 1270 4463 Principe
1293 4390 1361 4444 octo
1376 4382 1540 4449 liberorum
1556 4386 1583 4465 4)
1599 4390 1689 4449 muer,

209 4478 262 4541 diu
280 4483 434 4551 versatus,
450 4477 530 4536 circa
540 4474 749 4537 4444444470
764 4478 885 4556 scripsit
895 4477 933 4540 de

209 4566 548 4655 septempriacipalibus
557 4566 702 4631 Ecclesiis
713 4565 802 4633 Urbis
815 4573 935 4651 Romae,
984 4616 1064 4666 „m
1076 4614 1240 4677 mmm

211 4682 249 4723 ex
261 4681 321 4741 quo
335 4664 394 4725 hlS.
413 4666 443 4722 in
460 4660 643 4723 Bibliotheca
650 4662 936 4728 Vaticanahiexan·
1031 4690 1059 4750 s)
1071 4691 1203 4741 44444444
1216 4650 1314 4741 rnatu
1325 4695 1573 4761 rrrssrtreepagmt.

211 4756 265 4817 der
289 4757 417 4819 Cookius
441 4756 584 4836 aliique*
607 4756 775 4835 produxero
798 4762 936 4821 testimo-
1031 4764 1057 4825 e)
1074 4764 1143 4815 44444
1156 4778 1214 4827 poe.
1229 4766 1270 4817 40.
1289 4767 1414 4819 rtttoruor
1430 4778 1596 4835 autumet
1607 4770 1693 4823 4444441

211 4852 295 4911 nium
312 4850 440 4912 (1050113
493 4852 602 4913 psoram
640 4850 692 4913 sed
714 4851 752 4913 de
772 4852 862 4915 effus
877 4870 934 4916 usu
987 4838 1153 4899 totidem,er
1165 4840 1297 4902 authors.
1311 4842 1466 4895 cathariae
1478 4854 1539 4899 nete
1558 4854 1604 4901 44.
1617 4844 1695 4897 tm

454 4868 491 4929 pe
614 4896 622 4929 ’
810 4871 821 4932 l
984 4920 1032 4967 44.
1045 4914 1103 4964 rest
1113 4915 1351 4980 erttnote,deaue
1363 4918 1432 4971 idern
1446 4924 1581 4977 4444444444
1592 4934 1646 4989 pop.
1655 4914 1695 4969 lll-

1029 4537 1056 4601 4)
1067 4541 1157 4590 tiriaus
1169 4539 1299 4591 taurellus
1310 4552 1370 4607 pap.
1381 4542 1413 4593 00
1424 4542 1458 4594 ad
1474 4548 1582 4599 44444444
1602 4536 1691 4597 temti!

983 4988 1114 5041 4444444444
1125 4992 1152 5040 44
1163 4992 1232 5040 44444
1243 5004 1303 5055 pap.
1312 4991 1353 5044 74.
1365 4997 1481 5059 tepentia
1490 4996 1524 5051 etl
1532 4998 1625 5053 4444444
1634 5000 1695 5049 hett-

252 5064 262 5085 ⁰
282 5062 342 5114 t'ide
354 5062 483 5114 eodtnu·
495 5069 557 5115 torn.
571 5066 623 5125 444,
637 5078 694 5129 pag.
706 5064 770 5117 rote
781 5077 834 5128 seq.
985 5062 1110 5115 tatianum
1122 5067 1245 5129 ttrtsstttnc
1257 5076 1316 5131 pen.
1328 5066 1386 5124 4400.
