3458 5332
710 282 925 395 nant-tlt
1504 337 1563 399 titt
1681 371 1689 384 ·

60 452 189 506 6466666
201 445 314 503 466666
328 441 441 503 lsaaeio
455 442 597 515 Pontano,
609 455 709 519 neque
726 456 786 501 666
847 487 850 491 .
882 437 1061 500 4444444448
1078 437 1115 498 de
1132 437 1264 499 Parisiis
1284 483 1290 514 ,
1308 441 1429 502 Ordinis
1457 443 1560 503 Praeti.

57 536 104 597 de
122 533 292 596 Thormodo
319 533 444 608 766466,
460 535 487 593 J.
513 537 546 594 44.
569 532 625 595 des
649 531 786 608 44664466,
841 524 895 592 serr
918 548 1075 593 sermones
1100 532 1156 594 46.
1180 531 1266 594 4273.
1296 534 1416 595 Parisiis
1443 534 1561 597 habitos

15 630 32 649 ⁰
54 627 190 691 466666
206 629 322 704 llojero,
339 632 371 686 et
387 625 539 687 ludovico
549 624 714 704 llolbergio,
723 625 787 687 alii-
841 631 989 686 memorat
1005 626 1135 687 lacobus
1151 625 1262 700 Quetii,
1280 631 1353 699 tom,
1369 629 1396 687 4.
1415 644 1479 708 pag.
1491 628 1560 691 267.

55 737 145 801 sque
161 736 240 799 quos
262 736 301 781 ex
317 716 500 779 Bibliotheca
523 719 670 780 ilistorica
684 719 789 780 Dano-
881 718 1026 780 DleEL
1042 716 1079 778 de
1099 716 1248 792 vicentia,
1263 716 1333 779 066.
1352 719 1562 799 Praed-cujus

52 815 244 892 Norwegica
255 805 788 892 44664644646454666664466666466,
838 817 870 872 64
890 812 1014 871 ioannis
1038 808 1176 888 Aquitani
1199 810 1292 871 44666
1308 810 1473 880 vitiorum,
1497 815 1563 875 sive

53 907 232 984 Hamburgi
251 904 353 979 4746,
371 906 399 964 8.
416 905 540 984 vulgata
556 912 660 985 petere
678 905 786 968 licebit.
842 919 993 965 6664446666
1011 900 1289 984 quadragesimales
1300 903 1445 982 prodiere,
1457 905 1561 966 venet.

103 999 251 1063 DANlEL
277 995 451 1074 46666464,
480 1000 597 1076 primus
621 999 788 1078 Episcopus
846 998 932 1058 4499.
950 996 1087 1076 Lugduni
1107 998 1203 1071 4594,
1234 997 1262 1055 8.
1288 997 1381 1057 Paris.
1410 998 1508 1073 4668,
1533 1001 1564 1059 8.

54 1090 271 1172 Β6666666444
297 1097 366 1169 post
383 1090 515 1153 medium
536 1107 616 1153 saec.
631 1092 682 1152 vt.
698 1108 789 1169 quem
844 1090 919 1152 Vldo
934 1090 1066 1150 eundem
1082 1090 1237 1162 Ouetilum
1252 1096 1324 1151 tom.
1343 1094 1355 1151 4
1374 1107 1462 1171 ,pag
1478 1093 1547 1154 866.

55 1205 139 1250 oum
154 1185 297 1255 Dubricio
323 1181 553 1262 drcbiepiscopo
571 1183 660 1246 Urbis
688 1185 790 1263 Legio
883 1180 1023 1245 DANIEL
1041 1185 1225 1258 wentanus,
1240 1185 1307 1243 sive
1328 1183 1561 1260 Writtooieasis,

59 1296 165 1353 num,
186 1285 219 1339 et
235 1275 367 1351 Davide,
389 1278 563 1339 menevensi
584 1275 789 1356 Archiepiscn
844 1278 874 1334 46
892 1275 1000 1354 Anglia
1021 1277 1059 1337 ab
1075 1276 1131 1337 46.
1149 1275 1216 1352 ,794
1234 1275 1272 1337 66
1289 1276 1359 1337 746.
1376 1278 1562 1358 Episcopus,

58 1389 105 1452 po
120 1415 129 1446 ,
145 1370 314 1449 Pelagianis
341 1369 458 1430 fortiter
484 1367 633 1431 restitisse
659 1376 789 1430 testatur
843 1367 880 1428 de
896 1384 957 1445 quo
973 1366 1054 1429 Dcda
1070 1368 1120 1429 lib.
1138 1369 1172 1429 V.
1196 1370 1270 1429 llist.
1296 1369 1414 1430 Eccles.
1437 1369 1562 1451 Anglor.

57 1462 424 1529 strateius-cambrensis
440 1463 471 1522 in
486 1462 611 1525 Davidis
628 1463 708 1525 illius
725 1465 788 1524 vita
839 1478 866 1522 c.
884 1462 931 1522 49.
945 1463 1028 1537 (tunc
1045 1461 1144 1523 adbuc
1160 1463 1264 1522 rivere
1276 1479 1345 1523 eum
1360 1469 1494 1527 testatus
1504 1463 1562 1525 46.

61 1564 142 1627 tom.
157 1557 190 1618 2.
206 1553 332 1634 4664466
350 1571 452 1616 sacrae
464 1556 498 1615 H.
514 1556 673 1617 Warthoni
687 1574 716 1636 p.
728 1557 788 1617 638
842 1552 920 1628 734.)
938 1560 969 1613 64
990 1554 1139 1617 Lelandus
1153 1571 1221 1634 cap
1244 1556 1291 1616 65.
1308 1557 1363 1617 4446
1382 1558 1486 1618 Daniel
1506 1558 1564 1617 Do-

59 1657 98 1711 et
111 1648 267 1711 Lelandus
278 1665 342 1728 cap.
361 1648 408 1709 42.
422 1646 519 1726 liujus
532 1649 665 1711 Danielis
678 1649 787 1715 librum
843 1645 989 1727 rtisocium
1006 1648 1133 1710 Romam
1149 1649 1405 1728 proficiscentem,
1421 1650 1564 1730 Gregorio

62 1745 177 1805 666466
204 1739 400 1820 Pelagianos,
417 1749 508 1820 atquc
527 1742 683 1805 0664464464
696 1744 790 1823 Syno-
844 1741 885 1816 ll,
902 1741 1018 1819 primus
1035 1741 1144 1802 litteris
1165 1742 1202 1802 ad
1220 1760 1292 1804 eum
1314 1741 1393 1804 datis
1409 1759 1564 1806 commen-

61 1833 153 1896 66464
172 1840 321 1896 memorat
336 1836 381 1894 Jo.
398 1835 648 1899 Daleusrtlentur.
666 1840 694 1899 l.
722 1854 786 1915 cap.
844 1832 948 1907 davit,
964 1833 1073 1896 deinde
1091 1836 1234 1913 singulari
1255 1835 1564 1916 146444646664666644-

67 1931 110 1991 49
120 1935 227 2007 -atque
242 1945 280 1989 ex
298 1945 334 1989 eo
355 1929 493 2003 Pitseus,
510 1946 575 2008 pag.
591 1931 642 1990 98.
844 1944 889 2002 cu,
905 1927 943 1989 66
960 1928 1075 1988 ratione
1093 1928 1270 1989 instituendi
1285 1928 1422 1990 inlideles
1436 1932 1563 2005 monuit,

111 2021 256 2085 DANlEL
292 2021 456 2082 Monachus
483 2020 690 2084 Bericdictious
719 2025 790 2082 biri-
845 2037 923 2099 quae
950 2022 1029 2082 inter
1051 2019 1192 2082 Bonilacii
1210 2023 1361 2100 Epistulas
1375 2024 1564 2101 sexagesima

69 2116 198 2190 nensis,
219 2113 327 2176 Seculo
344 2116 406 2190 Xl,
424 2115 513 2193 cujus
531 2116 745 2178 Commemorii
759 2116 791 2176 46
846 2116 984 2194 septima,
1000 2122 1031 2175 et
1046 2114 1126 2194 apud
1144 2116 1305 2176 Baroolum
1327 2115 1365 2177 ad
1381 2114 1439 2176 46
1457 2114 1516 2178 724
1533 2133 1565 2176 6.

68 2207 209 2272 Psalmos
218 2209 303 2270 MSS.
314 2210 463 2270 asservati
472 2207 633 2271 traduntur
643 2211 672 2270 io
685 2210 790 2271 44444446-
846 2209 879 2269 V.
898 2208 1015 2287 legitur.
1034 2209 1122 2271 Plura
1144 2226 1182 2271 ex
1198 2208 1266 2288 ejus
1290 2209 1412 2288 scriptis
1434 2225 1494 2272 nou
1510 2226 1564 2271 ex-

70 2303 165 2365 tbeca
180 2304 337 2363 Lirinensi.
845 2307 951 2373 stant,
972 2318 1050 2379 quae
1067 2303 1141 2364 baec
1157 2320 1176 2364 a
1192 2303 1281 2364 Daleo
1298 2303 1423 2366 Centnr.
1445 2304 1475 2366 2.
1496 2320 1563 2383 666.

116 2395 262 2458 44444444.
272 2396 411 2470 Coretus,
422 2411 523 2475 supra,
534 2386 791 2458 CERETUStom.
846 2397 898 2456 xl.
913 2396 1013 2457 Pitseo
1029 2412 1096 2476 pag.
1114 2396 1172 2457 444
1189 2402 1221 2456 64
1235 2397 1339 2457 Vossio
1352 2413 1419 2476 pag.
1430 2394 1491 2459 276
1501 2413 1565 2459 me-

76 2493 105 2553 4.
121 2507 188 2570 pag.
206 2489 274 2551 342.
581 2483 583 2487 ’
847 2496 1015 2555 morantur:
1032 2487 1168 2551 Historia
1184 2506 1259 2551 4666
1273 2488 1566 2569 Ρ666646466,66446

112 2583 255 2646 14444444.
267 2581 439 2657 ceantur,
447 2582 633 2660 Tarvieinus,
644 2582 785 2647 Aulidi
847 2581 1038 2645 Amantium
1053 2585 1235 2658 86666646,
1254 2582 1291 2644 de
1308 2580 1409 2644 insuia
1428 2583 1516 2646 Vecta
1531 2582 1566 2644 li-

73 2678 195 2756 scripsit
207 2676 361 2738 historiam
374 2676 443 2738 belli
458 2678 537 2737 iuter
549 2678 683 2739 Venetos
693 2684 725 2739 et
735 2678 794 2740 Ge·
848 2677 920 2752 ber,
937 2694 1028 2756 quem
1046 2675 1167 2754 adeius
1188 2676 1338 2737 dioecesin
1367 2676 1460 2738 refert
1484 2675 1564 2738 Beda

74 2757 208 2833 nuenses
224 2772 344 2850 septimi
358 2768 507 2831 464377
517 2771 604 2850 gesti,
615 2770 653 2833 de
671 2787 730 2850 quo
746 2774 791 2832 Jo.
849 2772 884 2832 V.
901 2770 950 2832 24.
973 2770 1037 2831 Vita
1062 2768 1181 2833 Coddoc
1198 2771 1337 2850 Episcopi
1355 2770 1393 2831 ab
1408 2769 1474 2833 46.
1496 2771 1565 2832 665.

73 2865 208 2942 Baptista
225 2864 321 2925 Verus
338 2864 387 2924 lib.
404 2865 442 2938 2,
466 2881 568 2926 rerum
585 2864 791 2941 Venetarum,
846 2864 1045 2926 Eboracensis
1061 2909 1069 2940 ,
1085 2870 1177 2943 atque
1194 2864 1232 2926 ab
1258 2863 1315 2925 46.
1345 2865 1412 2925 669.
1438 2864 1566 2939 44644464-

74 2974 141 3036 pag.
160 2957 228 3031 448,
246 2971 310 3034 seq.
328 2957 460 3017 Danielis
477 2956 570 3035 buJ'us
588 2960 700 3019 mentio
713 2958 791 3038 apud
844 2956 959 3018 densis.
975 2958 1018 3017 De
1034 2954 1115 3017 66446
1130 2954 1280 3017 4464464644
1288 3005 1297 3033 ,
1314 2957 1564 3032 Sbirburnensis,

74 3050 236 3122 vossium,
253 3063 319 3126 pag.
337 3048 406 3108 869.
848 3050 886 3110 ab
902 3049 958 3110 46.
976 3049 1035 3111 746
1052 3049 1089 3110 66
1103 3048 1172 3110 769.
1189 3051 1328 3128 Episcopi
1343 3097 1350 3125 ,
1366 3056 1399 3110 et
1414 3047 1565 3130 Bpr'rtoloe

114 3141 134 3180 ¹*
154 3140 240 3218 Opus
253 3139 301 3199 hic
316 3156 333 3199 a
348 3140 481 3201 Fabricio
504 3142 667 3206 indicatum
684 3145 794 3224 produ-
847 3140 889 3202 66
903 3131 1160 3203 sanctimoniales.

74 3236 120 3311 xit
140 3233 320 3294 bluratorius
340 3234 411 3293 4466.
427 3234 494 3295 4461.
509 3239 532 3293 4.
548 3237 595 3296 46.
610 3235 665 3296 sed
685 3253 793 3298 verna-
888 3235 1039 3296 DANTES
1047 3231 1209 3312 Aliperiuo,
1225 3241 1315 3295 natus
1326 3235 1494 3296 Florentiae
1508 3234 1565 3297 46.

75 3329 144 3391 culo
177 3343 316 3387 sermone
347 3326 533 3406 descriptum
553 3336 620 3405 est;
641 3346 736 3409 quare
755 3328 793 3391 ad
850 3328 936 3389 4265.
954 3329 982 3403 6)
999 3343 1069 3389 cum
1087 3327 1119 3387 in
1136 3328 1232 3405 patria
1249 3328 1367 3407 ingenio
1389 3331 1422 3388 64
1437 3329 1566 3390 auctori-

78 3422 157 3484 banc
178 3419 393 3482 bibliothecam
415 3438 473 3482 non
495 3425 635 3501 pertinet.
850 3427 912 3481 tato
928 3420 1089 3497 floruisset,
1099 3417 1207 3480 Orator
1224 3422 1316 3480 etiam
1331 3422 1445 3483 missus
1461 3421 1499 3483 ad
1512 3423 1568 3483 Bo-

113 3514 257 3577 DANlEL
275 3513 420 3578 Cdurcde.
442 3515 516 3578 Vide
533 3514 710 3580 CHURGHE
731 3524 753 3577 4.
767 3519 794 3578 4.
850 3515 991 3575 nilacium
1008 3514 1095 3589 Vlll,
1116 3513 1240 3575 tandem
1267 3514 1324 3576 46.
1355 3517 1367 3575 4
1374 3515 1427 3576 3444
1459 3514 1568 3578 66666-

76 3626 144 3689 pag.
167 3609 235 3670 352.
849 3607 945 3683 6664))
962 3608 1098 3668 factionis
1124 3607 1238 3668 invidia
1261 3608 1438 3670 Gueliorum
1463 3610 1569 3690 444666-

109 3699 795 3785 444444444.4466466664464666464664466446666
850 3717 979 3778 rumque
995 3698 1116 3777 ejectus
1129 3700 1203 3760 obiit
1230 3701 1302 3763 exul
1326 3703 1488 3764 Ravennae
1503 3702 1566 3765 46.

75 3794 208 3871 dictand
220 3794 290 3856 villa
301 3788 797 3876 natalildorlei'inNorlolciadngli-
851 3792 938 3854 4324.
959 3792 1060 3856 ldibus
1088 3794 1288 3874 septembris:
1307 3797 1469 3873 scriptores
1485 3797 1566 3857 vitae

75 3903 121 3963 ae,
132 3892 202 3966 post
212 3886 414 3949 Oxonlcnsem
429 3895 461 3950 et
475 3890 672 3951 Parisiensem
682 3888 796 3952 46666-
850 3891 958 3947 nactus
984 3888 1075 3947 Leon.
1090 3890 1227 3948 Drunum
1253 3886 1432 3964 llretinum,
1449 3882 1567 3964 (editae

74 3981 379 4059 rniaslrequentatas,
394 3981 532 4045 Toletum
544 3998 577 4043 se
591 3976 728 4059 contulit,
742 3982 796 4043 ibi·
848 3979 989 4040 Perusiae
1008 3978 1097 4050 4674,
1116 3981 1163 4041 42.
1177 3996 1195 4038 6
1212 3981 1255 4038 Jo.
1273 3978 1396 4052 Cloelio,
1413 3985 1444 4039 et
1456 3996 1492 4040 er
1509 3980 1567 4040 alio

75 4093 135 4154 que
152 4074 381 4136 Mathematicus
401 4073 577 4154 disciplinas
592 4075 632 4137 ab
647 4074 795 4139 drabibus
850 4071 921 4135 Cod.
935 4071 1101 4133 Florentiae
1113 4070 1201 4145 4672,
1211 4071 1257 4131 42.
1268 4076 1393 4130 6666646
1402 4071 1506 4132 lirano.
1513 4072 1569 4132 446-

75 4167 196 4229 didicit:
212 4168 252 4226 ita
269 4169 349 4227 enim
367 4169 550 4246 intelligendi
565 4169 716 4234 lelandus
729 4187 794 4249 cap.
850 4165 902 4243 dit)
921 4171 986 4227 tum
998 4164 1111 4228 (4444464.
1127 4162 1570 4236 sandinumcrescimbenium

76 4261 136 4323 226
154 4266 186 4321 64
202 4260 312 4321 Daleus
330 4262 379 4338 lll,
391 4261 440 4321 29.
459 4279 517 4323 666
529 4269 563 4324 ut
580 4265 713 4328 Pitsaum
729 4281 795 4342 pag.
850 4259 1003 4338 aliosque:
1024 4260 1069 4319 Jo.
1088 4259 1249 4338 Papyrium
1265 4260 1434 4321 4466666646
1447 4274 1568 4338 quoque

77 4355 137 4417 2444
157 4352 246 4413 video
260 4355 432 4433 accepisse,
448 4356 477 4414 in
501 4354 640 4416 Arabiam
667 4357 723 4417 iter
745 4373 796 4419 su·
849 4359 921 4414 tom.
938 4354 981 4427 2,
998 4347 1079 4432 6466.
1088 4371 1117 4432 6.
1138 4354 1176 4413 45
1193 4351 1230 4412 66
1245 4352 1315 4415 243.
1331 4354 1396 4413 Non
1423 4357 1472 4413 est
1497 4368 1569 4414 con-

74 4449 192 4527 scipere
205 4446 364 4526 disposuit.
376 4449 527 4510 lelandus
541 4449 617 4511 duos
629 4455 749 4510 tantum
761 4450 795 4510 li-
849 4462 962 4526 gruans
978 4448 1128 4507 'instituto
1159 4462 1227 4507 meo
1253 4445 1290 4506 66
1315 4447 1435 4525 scriptis
1454 4447 1573 4529 'Dentis'

74 4542 146 4602 bros
162 4542 190 4601 ei
205 4542 323 4615 tribuit,
340 4559 435 4603 unum
450 4540 486 4602 de
507 4540 650 4627 inferiori
664 4542 793 4604 alterum
848 4556 942 4602 versu
956 4539 981 4615 6)
998 4545 1029 4600 64
1046 4554 1135 4631 prosa
1149 4538 1178 4615 6)
1193 4540 1282 4601 editis
1296 4539 1388 4601 latius
1404 4538 1569 4619 disserere,
1690 4553 1702 4573 ·

75 4633 112 4695 de
122 4633 277 4714 superiori
280 4639 370 4714 porte
381 4634 495 4710 446664,
510 4634 546 4696 66
558 4633 704 4696 loannem
716 4638 794 4699 Oxo

74 4717 213 4775 niensem
224 4716 405 4794 Episcopum
417 4716 668 4786 Nordovicanum,
681 4715 795 4777 4464446-

75 4824 146 4871 seos
166 4814 198 4868 et
226 4810 325 4887 ipsum
352 4809 531 4871 studiosum.
549 4812 602 4871 llis
628 4808 736 4870 librum
761 4809 797 4871 de
891 4790 917 4852 ⁸)
934 4792 1049 4842 ⁰¹⁸¹¹¹¹¹¹¹
1067 4793 1189 4843 ‘mmm‘
1202 4791 1287 4842 ,ΝΜ
1301 4796 1465 4844 ‘⁰¹¹¹'mv'
1479 4794 1571 4858 ’Μ’
1636 4780 1646 4803 ⁰

70 4900 234 4991 principiis
254 4899 476 4966 Mctbcrrtaticer
491 4905 611 4964 Pitseus
627 4899 796 4984 adjungite
845 4867 1363 5003 ⁸‘qss'vffl221ffi'ffl‘ffistss'¹⁷²⁷
1380 4883 1406 4932 ⁹⁶
1423 4866 1492 4966 ¹⁶¹⁰?

74 4994 174 5057 Balett.
896 5016 921 5075 6)
939 5019 975 5067 Er
993 5021 1122 5069 ttrtruscts
1138 5021 1226 5067 nantis
1238 5019 1397 5079 poematibus
1406 5017 1574 5071 celebrarint·
