3464 5318
681 331 1031 395 tinstitunitis
1294 348 1295 351 ¹
1546 334 1605 396 4344

112 430 209 507 ricveo
225 446 306 508 MSS
329 460 393 522 pag.
409 443 477 501 64444.
492 448 523 500 44
534 458 572 502 44
590 441 647 501 alio
665 441 774 502 Codice
792 441 833 501 la·
889 457 966 501 44444
983 438 1062 518 apud
1080 439 1316 517 Augustinianos
1337 445 1485 503 asservari
1515 442 1606 503 trudit

110 556 207 600 cunas
223 536 370 616 quasdam
387 536 521 614 explevit
534 537 563 594 in
576 535 676 595 limine
693 534 835 614 appendi·
889 532 1039 613 losephus
1069 533 1242 613 Pamphilus
1273 551 1338 613 pag.
1369 536 1436 595 4444.
1466 536 1605 597 chronici

111 636 170 709 cis,
185 633 337 695 subiectae
355 638 426 691 tom.
451 631 477 691 4.
495 627 570 705 Ejus
597 628 743 690 Desiderii
763 624 836 706 844·-
889 627 1010 688 Ordinis
1027 630 1220 688 cremitarum
1239 629 1269 689 S.
1287 629 1557 707 Augustinietex
1570 647 1606 691 eo

110 725 205 789 44444444
221 725 246 784 ll
251 727 278 785 V.
297 730 328 784 et
345 724 401 784 llll.
416 721 453 784 nd
467 720 655 783 Desiderinm
668 719 836 799 editaepri-
890 723 1075 782 Possevinus
1096 722 1125 780 in
1144 728 1307 801 4444444444,
1325 730 1355 781 44
1373 721 1527 802 Philippus
1541 724 1608 784 Els-

113 840 198 885 mum
225 838 242 881 a
267 820 386 880 Canisio
401 826 423 877 t.
442 818 475 876 V.
490 817 639 893 antiquar.
659 816 834 876 Lectionum
891 817 954 877 sius
971 831 1037 893 pag.
1056 815 1122 875 468.
1144 817 1356 879 Eunomiastiei
1375 806 1606 895 Augustiniani.,

114 937 142 996 44.
154 916 221 978 4486.
235 921 266 973 44
283 912 353 974 edit.
374 928 468 971 nevae
497 917 518 968 t.
539 912 558 970 t
563 925 652 987 ,444.
671 909 740 969 636
757 916 789 969 44
806 909 836 967 iu
891 907 1189 985 unumquodoccrc
1205 911 1337 970 instituit
1346 906 1607 988 ‚quomodolomo

113 1007 281 1086 ’4444444444
293 1006 413 1066 Freben
428 1006 557 1081 Corpore
570 1003 728 1065 Francicus
739 1003 837 1062 444444
892 1019 960 1062 44444
972 1000 1166 1064 8440444444
1179 1002 1293 1083 possit:
1310 1010 1341 1063 ct
1357 1004 1488 1064 alterum
1504 1001 1608 1082 dspo-

113 1108 176 1166 4444
193 1103 319 1175 veteris,
338 1103 416 1159 iuter
430 1097 582 1176 Epistulas
599 1097 757 1158 Francicas
771 1114 836 1176 pag
889 1096 967 1175 44444,
978 1098 1006 1174 b)
1017 1114 1095 1176 quae
1111 1098 1174 1157 lieri
1191 1098 1320 1157 solitae
1314 1114 1343 1156 m
1361 1103 1464 1157 monte
1478 1099 1508 1158 S
1520 1096 1611 1157 Geor-

115 1198 183 1258 2:10
202 1197 276 1257 etin
294 1189 706 1254 Andreaedquesnetom.
727 1189 739 1247 4
750 1206 837 1266 ‚.pag
892 1192 1130 1270 giiGenucnsis
1180 1216 1183 1220 ·

115 1293 184 1353 875
202 1297 293 1367 atquc
311 1290 340 1347 in
369 1284 560 1346 Bibliothecis
584 1284 723 1358 Petrum,
744 1283 836 1343 Paris.
931 1284 1304 1362 DESlDElilUSSpretus,
1314 1285 1484 1356 84444444,
1492 1285 1611 1344 abeun-

115 1384 217 1446 Colon.
231 1386 262 1441 44
279 1387 431 1458 postrema
448 1376 540 1455 bugd.
558 1384 629 1436 tom.
648 1378 680 1452 8,
695 1393 722 1453 p.
741 1371 809 1436 579.
892 1376 946 1437 dre
962 1377 1084 1438 Albertn
1097 1378 1123 1450 44
1135 1394 1193 1436 oon
1211 1375 1325 1438 insulsi
1335 1375 1495 1455 4444444444
1509 1375 1613 1437 4444444-

157 1474 386 1539 DESlDElilUS
400 1471 564 1552 4444444444,
583 1468 758 1545 Presbyter,
775 1468 835 1529 lau·
892 1476 943 1530 tus
961 1472 1101 1545 nouiinc,
1122 1473 1243 1549 scripsit
1254 1471 1350 1531 libros
1365 1478 1428 1530 tres
1444 1469 1480 1530 dc
1494 1468 1612 1551 cmpti-

121 1572 213 1631 dutus
228 1570 265 1630 ab
286 1569 477 1642 llieronymo,
494 1580 564 1627 cum
582 1579 652 1640 quo,
670 1568 701 1622 et
721 1562 838 1640 liipario
893 1561 1012 1639 44444444,
1029 1563 1195 1625 vostatione
1211 1569 1241 1624 et
1256 1563 1476 1625 instauratione
1491 1566 1607 1625 444444-

118 1663 318 1739 Presbytero,
349 1657 562 1738 l’ipiloutium,
586 1656 838 1737 barcinonensem
891 1656 1077 1732 noc,editns
1091 1658 1225 1718 venetiis
1244 1659 1342 1728 4489,
1362 1659 1389 1717 4.
1406 1663 1438 1717 44
1455 1656 1555 1732 4588,
1574 1656 1612 1727 4,

119 1757 358 1832 Presbyterum,
375 1755 455 1813 eirca
485 1751 606 1813 Annum
635 1749 751 1812 Cllristi
781 1749 837 1808 too
893 1756 984 1827 atque
1012 1751 1042 1809 in
1059 1749 1202 1811 4444444444
1219 1753 1399 1830 scriptorum
1417 1750 1520 1811 ltaliae
1535 1753 1610 1811 liur-

118 1846 580 1924 disertrsscriptisoppuguuvit.
592 1841 837 1905 Videblarianam
896 1844 1058 1902 marmiano
1089 1849 1160 1902 tom.
1186 1844 1248 1904 Vll.
1270 1842 1405 1921 Luguduni
1432 1845 1614 1904 Batavorum

119 1942 180 2016 lv,
200 1943 226 2000 4.
245 1948 275 2000 44
291 1938 404 2000 Nicolai
422 1936 544 1999 Antonii
559 1933 774 1997 bibliothecam
787 1950 840 1992 ve·
895 1934 983 2002 4788,
1000 1934 1049 1994 444.
1064 1936 1163 1995 Etiam
1182 1936 1282 1998 ltalica
1301 1929 1400 2040 versio
1417 1937 1515 1997 lucem
1534 1934 1611 1996 vidit

119 2043 218 2095 terem
236 2035 403 2110 Hispanam
415 2037 478 2095 tom
508 2031 534 2090 4.
553 2047 619 2107 pag.
638 2025 706 2088 476.
720 2025 840 2087 44444444
902 2029 1015 2088 Pisauri
1034 2027 1131 2099 44474,
1147 2030 1180 2088 t.
1352 2048 1355 2054 ·

119 2127 278 2190 Desiderio
295 2123 504 2185 tillemontius
521 2129 594 2183 tom.
610 2122 677 2195 xli,
695 2130 762 2199 pag.
780 2119 840 2188 888
936 2120 1016 2197 (iiiiii
1028 2120 1184 2184 Commillo
1195 2121 1616 2202 84444444444444444444444444

119 2223 278 2284 diversum
296 2223 382 2296 putat
408 2215 665 2288 DESlliSlilUll,
685 2212 724 2274 ad
749 2228 841 2291 quem
897 2213 1208 2296 444444444844444444
1224 2214 1502 2278 twa-scincum.
1515 2219 1575 2278 48
1589 2217 1616 2275 t.

120 2318 179 2379 An.
202 2314 260 2375 3443
278 2311 399 2388 scripsit
416 2309 493 2370 idem
512 2310 713 2385 Hieronymus
722 2312 754 2367 et
768 2307 843 2367 Pau·
893 2354 896 2360 .
936 2309 1064 2370 44444444
1092 2305 1389 2372 8888484884448
1410 2330 1448 2373 ex
1484 2311 1613 2373 Ninevin

121 2412 222 2482 linus,
243 2412 274 2465 et
290 2406 338 2466 cui
355 2403 453 2463 Vitam
471 2402 588 2463 44444444
613 2401 711 2479 4444444Ι
735 2399 843 2461 obtulit
897 2402 1149 2482 Plandriaeopido
1166 2405 1305 2478 4444444444,
1323 2404 1376 2465 Vir
1389 2409 1548 2480 4444444444,
1565 2402 1620 2465 sed

126 2500 285 2581 legendam
308 2497 459 2574 Sulpicius
480 2497 623 2558 Severus.
897 2514 956 2576 quo
970 2495 1079 2557 inerte
1108 2496 1315 2558 (4444444444
1342 2514 1427 2558 nemo
1454 2516 1491 2559 44
1518 2501 1616 2558 444444

165 2592 393 2656 8884888488
405 2584 709 2667 4444464444444444
720 2587 843 2656 Annum
895 2589 1106 2670 4444444444444,
1121 2587 1344 2668 444444444444444
1361 2608 1426 2670 cup.⁴
1448 2591 1569 2670 44444.
1584 2583 1619 2661 4,

112 2687 205 2752 -4864
233 2688 354 2764 scripsit
370 2690 475 2759 contra
492 2682 605 2743 iratres.
616 2678 846 2757 MendicanteS,
899 2683 938 2744 de
952 2686 1087 2758 scientiis
1111 2684 1338 2745 mathematicis.
1357 2685 1527 2748 Christiano
1545 2685 1621 2743 llas-

126 2790 303 2857 statumque
320 2777 545 2850 illonacborum,
556 2772 648 2847 cujus
668 2773 847 2852 disputatio-
902 2794 973 2838 saco
986 2775 1138 2837 deiectum
1156 2778 1233 2838 oculi
1251 2777 1448 2838 inhumanius
1457 2775 1620 2854 objcotunti

127 2893 183 2935 nes
202 2877 218 2934 4
235 2874 350 2933 Thema
366 2868 517 2948 Aquinate
534 2868 674 2948 explosas
700 2874 846 2947 tanquam
903 2869 1057 2948 respondit
1079 2869 1322 2931 recrimiuatiouc
1349 2868 1381 2931 44
1405 2868 1622 2943 adversarium

127 2968 313 3039 haereticas,
331 2961 446 3042 pridem
463 2963 640 3023 Gesnerus
635 2979 663 3021 m
681 2960 847 3040 appendice
902 2961 950 3022 4444
967 2962 1087 3023 verbis:
1107 2961 1318 3068 Polyphemum
1338 2980 1517 3066 4444444444,
1535 2960 1620 3021 elia

127 3056 329 3123 Bibliothecae
349 3073 422 3117 suae
439 3055 605 3117 annotarit.
743 3115 747 3121 ,
776 3096 778 3100 .
902 3072 960 3134 4444
976 3051 1006 3114 id
1017 3072 1113 3133 4444444
1130 3056 1264 3117 costumia
1275 3056 1396 3135 44444444.
1404 3054 1459 3116 tibi
1471 3054 1623 3134 444444444-

153 3149 417 3221 pestilentiis,
443 3148 570 3209 ultimus
586 3150 667 3226 Len⁰
649 3144 848 3226 Dobar‘dorum
905 3144 1018 3208 tissime
1037 3164 1176 3220 scurrae,
1193 3167 1252 3207 4444
1269 3146 1344 3208 mili
1358 3141 1499 3208 dedecori
1503 3146 1625 3228 44444444.

127 3248 167 3308 nb
183 3245 239 3308 4444.
257 3242 326 3304 757
344 3242 370 3318 4)
385 3236 458 3315 lies,
480 3238 569 3318 cujus
586 3254 745 3319 regnum
730 3224 850 3301 aduro-
903 3242 977 3317 4444·
971 3257 996 3299 rs
1013 3239 1167 3302 laudarem
1186 3243 1211 3302 si
1229 3243 1284 3301 et
1278 3258 1341 3321 ipse
1356 3259 1419 3303 rem
1432 3243 1622 3305 verissimam

127 3342 157 3402 lo
171 3340 300 3418 blegne
294 3354 323 3396 m
341 3335 426 3395 ltalia
436 3334 627 3394 destructum
644 3340 692 3393 est
709 3315 766 3393 An.
778 3329 847 3390 774.
903 3334 1078 3408 affirmans,
1096 3351 1114 3394 4
1140 3338 1276 3397 convicio
1305 3325 1549 3415 temperandum
1557 3335 1622 3395 sibi

127 3432 206 3512 Ejus
222 3430 374 3493 decretum
391 3427 470 3507 qnod
489 3423 567 3489 inter
584 3426 726 3503 antiquas
743 3422 850 3487 iuscri-
905 3426 1052 3491 duxisset.
1071 3429 1187 3490 Clarnit
1204 3430 1261 3491 sub
1278 3430 1391 3492 saeculi
1405 3429 1515 3492 decimi
1526 3432 1622 3509 quinti

127 3530 249 3606 ptiones
265 3530 386 3586 exstare
404 3528 434 3582 et
450 3539 521 3582 cum
538 3521 605 3581 aliis
618 3534 767 3582 excusum
781 3533 850 3577 cssc
905 3523 1044 3600 sentique
1068 3521 1206 3599 confinia.
1233 3526 1378 3603 Magistro
1399 3541 1476 3588 usus
1504 3527 1626 3589 lovanii

127 3621 234 3682 scribit
251 3619 414 3692 Gesnerus,
424 3610 499 3678 illud
517 3614 565 3674 est
581 3611 710 3674 4444444444
722 3610 767 3674 nd
780 3609 850 3672 4444·-
903 3616 1018 3675 4444444
1035 3615 1168 3681 Custode
1183 3617 1361 3693 Bromium,
1379 3626 1483 3698 postea
1508 3619 1625 3680 litteras

128 3711 302 3787 4444444444,
316 3710 440 3770 viterbii
459 3708 629 3777 Comitem,
647 3704 850 3789 quodlegitur
904 3707 1031 3768 docuit
1024 3726 1053 3768 m
1070 3707 1337 3791 biliidy'mnasio,
1355 3717 1447 3792 atquc
1469 3713 1541 3774 inde
1555 3714 1630 3792 844-

128 3806 212 3888 apud
225 3805 365 3868 Curetum
383 3799 435 3881 Si
419 3803 543 3862 44444444.
556 3799 631 3859 libro
647 3803 735 3859 tertio
750 3797 788 3858 dc
806 3815 852 3858 re·
906 3818 962 3861 vac
979 3802 1070 3863 Ducis
1088 3803 1168 3881 apud
1185 3798 1371 3880 brabantes,
1395 3813 1461 3868 tum
1478 3808 1627 3886 BergisS.

128 3918 190 3981 gno
211 3898 312 3960 ltaliae
329 3914 396 3976 pag
417 3896 456 3955 85
473 3893 510 3955 ad
529 3892 651 3953 nonum
673 3890 743 3954 778.
762 3891 859 3953 Aliud
907 3894 1057 3972 winnoci,
1068 3913 1103 3956 ac
1119 3896 1260 3976 denique
1269 3889 1427 3961 Comminii
1446 3898 1524 3979 apud
1543 3899 1629 3959 Plan·

131 3994 265 4073 diploma
276 3990 422 4052 nesrdem
432 3987 541 4066 hujus
543 3992 574 4047 et
592 3985 641 4046 filii
660 3983 853 4064 4444448444.-
906 3986 986 4062 drus,
998 3988 1049 4048 nbi
1061 3988 1142 4050 diem
1156 3990 1229 4050 obiit
1243 3992 1395 4051 noncirca
1408 3992 1531 4054 Annum
1550 3992 1628 4054 4544

131 4087 209 4146 GlSl
228 4082 306 4164 apud
333 4081 550 4162 llabillouium¹
564 4078 671 4141 Annal.
698 4079 851 4142 Benedici.
908 4087 943 4140 ut
956 4085 1004 4141 cst
1020 4082 1099 4159 apud
1117 4083 1269 4144 Valerium
1284 4083 1436 4144 Andream
1450 4131 1457 4163 ,
1471 4084 1524 4144 scd
1538 4084 1631 4162 pluri-

132 4190 207 4240 tom.
223 4178 252 4238 8.
268 4193 334 4256 pag.
351 4174 410 4236 884
422 4180 453 4234 44
468 4173 640 4236 Cornelium
651 4175 851 4253 llargarinum
908 4174 966 4234 bus
988 4177 1076 4235 annis
1096 4182 1175 4254 post.
1193 4175 1272 4254 Ejus
1290 4176 1507 4239 coementarii
1523 4175 1632 4236 drom-

133 4272 252 4333 bullerii
271 4269 461 4332 cassinensis
478 4274 550 4326 tom.
567 4268 594 4328 8.
617 4284 682 4347 pag.
702 4267 749 4328 44.
909 4264 1013 4326 rustici
1032 4266 1088 4327 An.
1111 4271 1197 4337 ¹litt
1217 4277 1248 4330 et
1274 4269 1498 4330 Grammaticos
1515 4269 1633 4331 44444444·

175 4359 405 4436 8884888488
421 4356 582 4433 4444444444,
598 4358 778 4432 sennensis,
795 4359 856 4420 llu-
913 4358 1002 4420 444444
1023 4356 1195 4423 rudimenta
1212 4363 1268 4424 Au.
1288 4366 1366 4427 4544
1382 4363 1463 4426 edita
1480 4408 1486 4439 ,
1508 4363 1547 4425 dc
1564 4367 1630 4442 qui-

135 4459 329 4538 gustinianus
345 4457 424 4517 circa
442 4455 535 4518 seculi
550 4447 659 4525 decimi
671 4454 749 4514 sexti
762 4453 854 4527 initia,
909 4452 967 4513 bus
996 4456 1025 4514 in
1043 4457 1237 4519 bibliotheca
1260 4459 1406 4533 Gesneri,
1422 4460 1463 4519 ita
1480 4464 1545 4518 tum
1561 4454 1631 4537 4444

136 4551 226 4632 eujus
243 4551 316 4619 baec
333 4549 392 4614 due
415 4549 526 4627 scripta
551 4562 644 4609 manu
660 4553 782 4608 44444444
798 4546 857 4607 Ge·
910 4546 977 4611 bata
994 4549 1079 4610 incre
1095 4553 1170 4611 viris
1186 4551 1356 4631 praeclaris,
1372 4559 1406 4612 ut
1419 4558 1499 4612 teste
1520 4551 1629 4612 4444444

911 4641 941 4698 in
957 4643 1061 4722 elogiis
1075 4644 1156 4724 Belg.
1174 4646 1326 4759 Pflsssffl·
1341 4647 1446 4707 Patros
1463 4647 1492 4704 in
1511 4643 1631 4724 synodo

182 4807 210 4870 4)
223 4802 286 4854 tide
299 4804 403 4853 44444444
414 4758 665 4859 antecessissent,
682 4797 797 4848 84444444
815 4799 862 4845 ue·
1403 4816 1405 4818 -

140 4877 445 4932 nemetim-cassinensis
464 4876 525 4924 44444.
546 4874 581 4924 de
600 4887 668 4925 crine
689 4876 772 4936 prime
790 4875 860 4934 444444
953 4865 977 4927 a)
991 4864 1088 4932 Papo
1105 4868 1198 4921 solutio
1208 4869 1293 4939 stips
1307 4869 1435 4931 44444444
1446 4883 1570 4935 paparo
1583 4870 1635 4920 444.

139 4956 284 5015 4444444444,
296 4949 577 5005 editsmbrlxltelidd
587 4949 862 5039 ,444484444444444
911 4950 989 5001 itit,
1003 4942 1081 4994 sstllls
1096 4958 1190 5008 perper.

136 5030 271 5083 ltsuelmo·
395 5085 397 5089 ¹
469 5057 470 5060 =
956 5021 1026 5080 mm
1040 5020 1326 5085 ttallnedesarlptione,
1339 5022 1579 5074 animumn
