3464 5318
684 346 986 410 <lasciuus
1522 355 1581 418 333

71 456 151 516 atius
163 456 269 514 Lector
278 451 373 530 possit
389 450 427 511 de
438 452 500 528 his,
517 452 589 530 qnid
600 453 792 514 sentiendum
843 454 945 534 patris
961 453 1072 515 obitum
1088 456 1147 517 vir
1159 473 1250 535 repno
1265 463 1469 537 assumptum,
1487 477 1580 539 reqno

70 549 128 623 sit,
146 544 313 623 conjicere,
331 544 390 606 duo
407 545 574 607 adscribam
596 547 634 608 de
655 549 702 609 his
723 565 794 608 con·
847 547 1005 624 ortuum,
1024 549 1108 628 turpi
1120 548 1196 630 fuqa
1217 548 1300 610 velut
1325 550 1356 609 iu
1382 550 1475 612 eseilio
1500 553 1579 614 diem

69 643 162 702 traria
177 642 362 725 testimonia,
381 657 476 700 unum
493 640 655 702 Alexandri
672 642 709 702 ab
724 640 793 703 Alc-
847 641 1062 703 suumobiisse.
1076 645 1150 705 Mam
1167 642 1263 722 ipsius
1280 641 1393 703 Filium
1407 645 1576 706 Ferdinan-

70 735 187 796 xandro
204 733 342 812 plurimis
368 737 513 812 stipatum
530 735 792 815 suffragatoribus,
846 735 917 796 dum
920 736 1076 816 juniorem
1085 744 1141 798 etc.
1155 738 1234 798 Haec
1246 736 1491 812 Alexander,cni
1502 756 1574 798 oon-

68 829 200 890 alterum
213 826 359 887 iohannis
375 829 491 887 loviani
509 830 643 888 Pontani.
660 830 705 889 ita
721 846 794 889 vero
849 834 1016 891 sentientes
1033 831 1135 892 iaudat
1150 833 1282 892 loannes
1302 820 1506 891 Bernardinus
1523 835 1580 894 Ta-

68 921 242 983 dlexaader
256 920 330 979 libro
344 923 383 981 111
395 922 555 998 geniaiium
567 922 684 983 dierum
697 925 795 1002 capite
851 925 937 986 turus
953 926 980 1000 a)
995 926 1142 985 Joannem
1158 926 1174 983 J
1179 941 1309 985 uvenem
1332 924 1405 983 libro
1432 923 1471 984 de
1498 926 1580 986 varia

73 1018 122 1076 45.
141 1017 240 1091 Quum
253 1013 376 1092 florente
393 1012 517 1094 fortuna
533 1013 721 1074 Fordinandi
729 1015 796 1096 pri·
850 1019 970 1077 Tarenti
997 1018 1135 1090 tortuna,
1157 1019 1373 1094 Hieronymum
1395 1018 1578 1078 Marcianum

68 1109 113 1168 mi
135 1107 223 1187 Reqis
247 1107 432 1185 Arraqoaii,
450 1106 526 1168 urbs
548 1106 746 1186 Neapolitana
767 1114 795 1169 et
851 1111 880 1169 in
897 1111 980 1171 usu
993 1110 1192 1187 descriptione
1213 1110 1386 1168 Provinciae
1413 1109 1599 1193 Hydrunte

67 1218 214 1279 requam,
239 1199 329 1261 nuliis
346 1199 444 1260 adduc
474 1198 544 1260 delli
569 1199 794 1262 calamitatibus
848 1221 919 1280 nae,
936 1207 1058 1265 Petrum
1074 1203 1247 1264 Galatinum
1265 1201 1302 1262 de
1327 1202 1463 1263 Ecclesia
1481 1202 1576 1264 desti-

63 1300 291 1375 premerentur,
309 1294 385 1354 satis
402 1299 532 1368 constat,
549 1293 709 1362 Cataldum
725 1310 796 1354 san-
851 1303 918 1358 tuta
933 1296 982 1356 lib.
1000 1296 1076 1357 VilI.
1092 1313 1156 1375 cap.
1174 1297 1203 1357 2.
1217 1296 1363 1355 Joannem
1378 1296 1506 1357 Paulum
1520 1299 1581 1358 lio

67 1397 150 1451 ctum
164 1389 285 1463 uirum,
302 1388 357 1467 qui
369 1386 477 1447 abhinc
493 1387 582 1448 annis
598 1387 679 1448 mille
695 1388 797 1448 Ponti·
850 1390 958 1452 rollum
965 1391 995 1449 in
1007 1390 1495 1467 descriptioneTarontinaeUrbis,
1503 1391 1580 1451 Tho-

68 1482 127 1563 sem
144 1481 218 1542 urbi
230 1480 407 1542 Tarenlinae
415 1479 564 1561 praefuit,
582 1499 729 1561 quemque
740 1498 797 1560 pa-
852 1501 932 1544 mam
959 1482 1145 1559 Arcudium,
1166 1481 1287 1559 Ordinis
1315 1482 1577 1559 Praedicatornm,

70 1582 192 1648 trqnum
207 1574 360 1634 Tarentini
368 1575 637 1636 eivesoenerantur
650 1581 679 1634 et
688 1574 796 1651 celarat,
851 1579 881 1637 in
897 1578 972 1638 libro
984 1578 1032 1638 cui
1044 1578 1151 1638 titulus
1163 1597 1169 1636 :
1187 1576 1325 1637 Galatina
1338 1577 1493 1651 letterata,
1507 1575 1579 1638 dm·

68 1675 152 1728 nocte
164 1667 797 1748 intempesto,ministrosaerorumempiam
850 1672 969 1732 brosius
983 1670 1132 1732 Merodius
1153 1674 1183 1730 in
1200 1672 1283 1731 MSta
1300 1669 1424 1730 historia
1445 1671 1582 1731 Tarenti-

68 1769 140 1822 tunc
161 1760 261 1822 sacris
286 1760 418 1836 initiato,
441 1767 471 1820 et
491 1760 522 1820 in
543 1767 629 1821 costa
655 1761 797 1839 reliqione
856 1781 910 1841 na,
925 1765 1118 1825 Francisoum
1130 1762 1295 1824 Antonium
1306 1761 1583 1824 Andradaminex·

68 1855 204 1930 educato,
222 1852 314 1914 semel
328 1860 420 1933 atque
436 1854 546 1914 iterum
563 1855 594 1915 in
610 1856 733 1916 sommis
743 1873 796 1934 ap
851 1859 996 1936 positione
1013 1857 1238 1934 prophetiarum
1256 1858 1286 1917 S.
1301 1855 1434 1931 Cataldi,
1450 1863 1481 1917 et
1498 1857 1578 1918 vitae

63 1947 220 2030 paruisse,
236 1966 271 2008 ae
282 1947 441 2024 monuisse,
456 1954 491 2008 ut
507 1947 638 2008 libellum
649 1968 670 2008 o
684 1967 716 2009 se
730 1966 798 2009 cou-
851 1949 918 2027 ejus
939 1951 1101 2027 scriptores
1119 1949 1279 2011 Cataldum
1297 1950 1462 2009 Antonium
1481 1950 1581 2011 Cassi-

66 2044 229 2122 seriptum,
248 2059 336 2121 quem
351 2042 382 2101 in
397 2041 498 2102 abdito
510 2041 572 2103 loeo
589 2044 693 2104 m'uens
711 2041 797 2103 abdi·
852 2044 986 2119 nellum,
1003 2042 1266 2112 Bartholomaeum
1280 2043 1435 2102 Muranum
1452 2042 1580 2119 ejusque

68 2138 176 2213 derat,
190 2138 220 2197 in
235 2155 294 2217 quo
309 2137 420 2198 Diuirm
433 2154 552 2196 areana
568 2136 684 2216 scripta
700 2141 795 2213 erant,
852 2138 974 2198 tratrem
995 2139 1239 2204 Bonaventuram
1260 2137 1437 2213 literanum,
1459 2135 1581 2197 Ordinis

65 2231 215 2309 effodere,
233 2237 263 2290 et
274 2229 415 2309 protinus
432 2229 475 2290 ad
487 2233 594 2308 Reqem
611 2229 729 2311 deferri
744 2248 797 2291 eu-
852 2233 999 2292 Minorum
1013 2273 1020 2304 ,
1036 2227 1126 2306 cujus
1143 2229 1209 2289 libri
1226 2245 1281 2289 sex
1304 2227 1498 2290 Camldiados
1515 2247 1585 2290 ver·

62 2332 160 2386 roret.
175 2324 235 2402 Qui
246 2341 341 2404 quum
354 2341 467 2404 parum
482 2323 554 2402 fidei
570 2324 684 2384 somnio
699 2323 799 2384 dedis·
852 2326 937 2385 sibus
948 2326 1051 2402 scripti
1069 2323 1197 2384 heroicis
1211 2339 1282 2385 cum
1294 2325 1369 2399 vita,
1386 2341 1476 2401 qnam
1493 2325 1585 2385 irater

63 2425 131 2495 set,
149 2418 253 2479 eadem
267 2416 328 2479 sibi
339 2435 395 2497 per
412 2416 539 2496 quietem
556 2416 680 2496 saepius
694 2416 798 2478 oboa—
855 2420 989 2496 prosario
1006 2433 1144 2477 sermone
1160 2415 1301 2490 tradidit,
1319 2416 1456 2494 prodiero
1472 2417 1583 2478 nomae

65 2519 137 2574 sata
153 2513 266 2592 specie,
285 2530 380 2591 quum
393 2510 494 2589 primo
505 2509 635 2572 dduorrlo
646 2511 728 2572 solus
738 2529 799 2571 mo
853 2509 941 2572 rote.
959 2511 1014 2570 Tot
1031 2515 1061 2570 et
1079 2510 1234 2588 pluribus,
1251 2513 1301 2587 qui
1319 2511 1436 2588 possint
1456 2508 1581 2584 adduci,

64 2612 194 2665 roratur
212 2603 379 2685 intemplo,
398 2605 495 2685 ipsum
509 2605 683 2681 Cataldum,
699 2603 799 2686 qualis
857 2605 973 2665 tabulae
991 2604 1210 2682 hyperaspistis
1221 2620 1255 2664 ao
1267 2603 1510 2674 affirmatorihus
1526 2620 1581 2682 age

64 2697 215 2759 eratalim
231 2697 301 2758 dum
314 2698 345 2758 in
359 2698 423 2759 vita
433 2705 549 2777 aperet,
558 2699 800 2779 pontificraoeste
855 2714 947 2758 unum
963 2713 1113 2776 opponere
1129 2696 1218 2756 datur
1234 2697 1402 2756 iohannem
1419 2698 1603 2787 lovianum⁸

63 2799 95 2853 et
110 2791 208 2873 infudi
222 2791 379 2865 amictum,
391 2791 484 2852 αἰανννν
495 2792 632 2853 ministro
645 2792 734 2871 plane
751 2791 796 2852 oi·
854 2793 1035 2867 Pontanum,
1049 2789 1139 2867 cuius
1153 2791 1227 2851 haec
1239 2797 1312 2851 sunt
1329 2790 1402 2850 libro
1419 2792 1447 2850 2.
1466 2790 1503 2850 de
1520 2806 1584 2850 ser-

59 2884 174 2964 pilanti
188 2884 389 2964 apparuisse,
415 2890 444 2944 et
455 2884 670 2965 praedicisse,
688 2891 724 2944 ut
742 2903 796 2965 po·
850 2902 938 2945 mone
955 2887 1051 2964 capite
1065 2884 1111 2945 li.
1127 2891 1199 2945 tom.
1216 2886 1242 2945 li
1259 2884 1392 2962 Operum
1407 2900 1472 2962 pag.
1489 2883 1579 2943 ⁴623.

60 2986 149 3039 stero
163 2977 228 3039 luce
246 2995 339 3058 quum
351 2979 486 3060 pri-mum
496 2985 609 3059 posset,
629 2977 758 3039 libellum
775 2996 797 3038 α
857 2976 915 3037 Viae
932 2976 1038 3057 aliqua
1054 2976 1135 3037 uitae
1151 2977 1262 3056 speeies
1280 2982 1337 3051 est,
1355 2976 1502 3055 adquam
1520 2992 1583 3035 sese

60 3091 95 3135 se
112 3073 336 3151 conscriptum,
352 3073 383 3133 in
400 3071 499 3133 addito
514 3071 576 3133 loeo
592 3090 680 3152 quem
698 3073 730 3132 in
750 3090 796 3133 so
851 3069 1052 3130 dissimulatio
1063 3086 1127 3128 non>
1136 3070 1281 3131 insinuet:
1297 3069 1378 3148 quod
1386 3069 1498 3139 nonita
1507 3067 1583 3129 mul·

59 3167 155 3228 mniis
168 3165 389 3247 praestituerat,
409 3165 577 3242 eonditum,
601 3165 748 3245 effodere,
768 3171 795 3225 et
851 3163 888 3224 tis
903 3169 973 3241 post
988 3161 1076 3223 annis
1095 3163 1208 3221 Frater
1226 3161 1410 3221 Fraaerscus
1425 3161 1578 3240 Hispanus

60 3261 139 3342 Reqi
149 3259 269 3342 deferre
286 3278 322 3320 ne
339 3266 553 3336 cunctaretur,
569 3277 717 3340 poenam,
736 3259 795 3319 uisi
853 3256 961 3317 docuit.
990 3256 1021 3314 Is
1048 3255 1188 3334 quamvis
1209 3253 1298 3314 rudis
1319 3259 1406 3333 oque
1429 3253 1581 3329 indoctus,

54 3355 163 3436 fieret,
188 3353 326 3432 qruviter
346 3354 557 3433 comminatus,
580 3356 704 3413 Postera
727 3350 791 3412 luce
849 3356 947 3411 tactus
958 3347 1311 3427 tomenaudacm,atque
1322 3346 1499 3424 ambitione,
1511 3347 1582 3427 pul·

57 3448 305 3529 solemnipompa
321 3448 493 3508 mmistrum
508 3465 576 3507 oum
588 3444 694 3527 populi
706 3463 795 3506 comr-
850 3444 946 3524 pilum
963 3441 1126 3504 oscendere
1154 3448 1199 3503 est
1214 3456 1328 3517 ausus,
1357 3447 1495 3521 tantoque
1517 3442 1581 3505 siue

58 3548 129 3602 tatu
146 3540 188 3601 od
204 3539 370 3616 malrum,
386 3541 417 3600 in
443 3559 505 3620 qua
532 3539 702 3617 lonqissimo
719 3556 793 3599 aeuo
847 3537 949 3618 fastu,
967 3536 1031 3597 siue
1047 3536 1229 3612 temeritate,
1244 3534 1350 3614 palam
1366 3541 1401 3595 ul
1417 3552 1578 3597 assevera-

57 3633 181 3696 libellus
193 3632 335 3709 latuerat,
349 3634 549 3713 processisse:
560 3651 685 3714 eumque
695 3631 795 3712 plum·
848 3636 911 3705 ret,
924 3629 1108 3710 praedicare
1122 3648 1154 3691 se
1171 3629 1206 3690 de
1224 3628 1379 3709 requioue,
1399 3629 1581 3707 Christiani,-

64 3727 131 3790 deis
149 3726 265 3789 tabellis
283 3726 490 3807 obsiqnatum,
513 3735 542 3789 et
557 3728 653 3789 clavis
673 3725 795 3788 obsera·
848 3740 921 3803 sque
937 3721 973 3782 de
990 3718 1101 3799 rebus,
1120 3722 1239 3783 docente
1256 3740 1292 3782 ac
1310 3722 1441 3784 dictante
1461 3724 1581 3803 anqelo,

57 3831 124 3883 tum
141 3821 306 3897 invenisse,
329 3827 404 3882 satis
425 3827 551 3882 constat.
568 3823 605 3881 In
622 3840 654 3882 eo
677 3825 793 3881 eertum
847 3819 934 3898 cujus
948 3815 1102 3876 admonitu
1117 3822 1144 3876 et
1160 3815 1269 3897 futura
1285 3816 1436 3896 quaedam
1453 3819 1580 3896 praedi-

57 3922 117 3991 cet,
136 3914 276 3995 [uturum
292 3915 380 3993 reqni
389 3914 559 3991 excidium,
573 3914 730 3989 miserius,
743 3932 794 3975 ca·
847 3917 945 3987 aeret,
968 3916 997 3970 et
1022 3912 1077 3989 qui
1089 3910 1252 3971 romaicis
1278 3911 1308 3969 in
1325 3910 1432 3970 coeloe
1450 3913 1578 3974 mortuis

57 4008 221 4083 iamilates,
234 4006 409 4068 etluctuosa
423 4013 668 4087 temporumque
681 4008 793 4068 instari·
847 4010 989 4084 opereat,
1018 4003 1073 4082 qui
1088 4020 1200 4062 rursus
1222 4002 1306 4080 apud
1327 4001 1439 4082 inferos
1460 4005 1580 4065 crucia

54 4103 100 4162 tia
117 4101 220 4176 mala,
238 4119 315 4180 quae
330 4107 435 4180 postea
459 4107 587 4181 sequuta
608 4108 696 4177 sunt,
720 4101 794 4179 iieqi
848 4104 975 4172 rentur,
998 4096 1091 4157 sciret
1114 4114 1151 4156 ac
1174 4093 1338 4176 proferret.
1361 4096 1493 4176 Demque
1514 4116 1582 4159 oum
1685 4112 1689 4119 ·

49 4193 262 4274 praedixisse.
278 4193 712 4274 quuodeoeperimeutorloeti,
726 4213 790 4255 ma·
848 4189 1039 4251 Ferdinando
1053 4189 1241 4268 persuadere
1262 4195 1330 4249 orte
1347 4189 1431 4250 nulla
1456 4197 1511 4252 aut
1529 4210 1582 4253 ro·
1604 4247 1608 4258 ,

51 4306 119 4367 qna
131 4286 266 4347 mercede
279 4287 468 4366 persolutum
482 4288 622 4349 vidimus.
637 4287 791 4368 Siquidem
849 4283 925 4344 noae
932 4289 1042 4363 posset,
1053 4290 1088 4343 ut
1098 4287 1271 4345 universam
1283 4285 1495 4347 JUDAEORUM
1506 4303 1579 4366 gen-

54 4386 146 4442 tanta
160 4380 344 4441 uisDivinae
354 4380 570 4459 praedictionis
579 4381 651 4463 fuit,
667 4379 794 4442 ulloud
847 4385 909 4440 tom
927 4380 1049 4438 omnino
1066 4381 1281 4439 exterminaret
1302 4397 1318 4439 e
1340 4382 1425 4458 regni
1447 4380 1575 4454 linibus,

52 4473 151 4534 multo
165 4478 249 4551 post,
267 4473 366 4550 ipsum
382 4473 625 4549 Ferdinoudum,
640 4491 694 4534 seu
705 4473 793 4535 deum
848 4470 985 4550 exemplo
1002 4470 1190 4546 Fordiaandi
1197 4471 1347 4552 patruelis
1362 4472 1580 4552 Hispaniarum

52 4569 120 4640 ira,
141 4583 196 4627 seu
211 4563 274 4644 fato
291 4565 507 4645 insuperabili,
527 4567 606 4647 quod
621 4567 719 4628 vitari
735 4585 793 4628 non
849 4564 949 4642 repis,
971 4565 1092 4625 Tarenti
1106 4583 1174 4625 eum
1191 4565 1251 4645 ipse
1265 4571 1370 4643 aperet
1382 4573 1577 4630 commentum

48 4659 173 4740 potuit,
191 4657 223 4716 in
236 4659 336 4737 primo
352 4658 425 4734 ⁴belli
439 4665 594 4741 apparatu
610 4677 626 4719 e
642 4659 706 4721 vitu
726 4677 794 4720 con

52 4759 116 4816 stet
133 4752 319 4830 sucessisse,
340 4753 541 4835 carolumque
561 4753 718 4814 Gallorum
738 4757 794 4816 ite-

56 4864 131 4927 9em
149 4845 261 4923 'hyemi
273 4851 376 4906 coacta
392 4866 501 4924 manu,
518 4848 684 4910 innumeris
702 4848 793 4929 copiis
890 4832 917 4893 a)
933 4837 1003 4884 itatis
1022 4834 1054 4883 ad
1071 4838 1176 4884 Antonii
1190 4833 1221 4884 de
1234 4837 1360 4884 ferrariis
1376 4835 1473 4885 dilatet
1491 4836 1583 4888 librum

60 4936 298 5018 Neapolitanum
315 4957 398 5000 omne
415 4958 540 5020 renum
558 4942 727 5005 invasisse:
744 4939 795 5002 Αἱ·
845 4905 954 5033 ltili
968 4913 1088 5034 itit:
1097 4910 1596 5049 struitistitulatas..

59 5034 246 5118 sensumque
262 5032 450 5095 Ferdiuandi
459 5035 692 5117 primoqeaitum
700 5086 709 5116 ,
727 5044 798 5118 post
847 5060 935 5109 vener.
953 5059 1033 5122 itta,
1049 5060 1091 5116 ti.
