3458 5332
196 317 256 378 trs

194 408 199 417 ’
231 424 400 486 Matthaeus
416 421 570 483 Blatturer
587 427 779 499 syntagmate
799 422 910 501 Alplia-

191 520 289 580 betica
302 525 375 577 tom.
391 516 420 575 4.
438 515 538 592 magni
556 513 697 591 synodici
715 516 911 594 Beveregiani

192 629 258 692 pag.
275 612 322 673 44.

231 707 255 766 E
273 702 578 766 DECEb'TlOlilDUS
591 745 598 775 ,
612 707 731 780 practer
747 700 910 764 Annalium

191 806 222 860 et
240 799 384 859 Historiae
411 797 662 871 Ecclesiasticae,
680 796 912 874 haeresiumque

190 895 365 970 scriptores,
374 897 406 950 44
416 892 466 968 qui
480 890 684 968 Augustinum
698 889 749 948 rel
765 890 910 968 Optatum

191 984 403 1047 illustrandum
420 984 477 1043 sibi
490 1000 647 1057 sumsere:

229 1076 413 1138 Fronci'scus
435 1074 605 1137 Dotdninua
622 1077 652 1135 in
669 1074 849 1137 delibatione
865 1075 911 1134 hi-

189 1174 298 1233 storiae
315 1171 490 1244 Airicanae,
507 1171 572 1231 sive
590 1170 714 1229 historia
737 1169 910 1231 collationis

189 1265 329 1342 Carthag.

213 1361 353 1424 ..loannes
361 1354 520 1421 conrados
529 1353 747 1416 Donnhanerut
755 1356 907 1414 dissertat.

189 1453 227 1516 ad
237 1453 433 1515 collationem
445 1451 735 1529 Carthaginiensem.
751 1447 908 1526 Argentor.

228 1642 365 1718 Reponse
380 1637 420 1700 de
433 1637 521 1698 Sieur
531 1634 631 1696 Dauid
645 1652 705 1696 aux
723 1637 910 1712 liemarques

188 1733 227 1794 de
241 1735 393 1794 llonsieur
409 1733 532 1806 launoy
550 1746 603 1790 sur
617 1730 645 1789 la
663 1727 765 1787 notion
781 1726 823 1788 du
834 1728 913 1788 Con-

189 1826 246 1888 4444
260 1827 384 1904 plenior.
401 1827 419 1885 4
436 1825 518 1884 Paris
532 1820 622 1883 4674.
639 1824 667 1881 8.

228 1920 341 1983 sonna
355 1915 570 1979 GustruiDiez
585 1915 659 1975 diss.
677 1915 714 1975 de
729 1914 912 1976 Circumcel-

189 2015 326 2075 liouibus.
344 2014 470 2092 Lipsiae.
486 2013 575 2072 4690.
595 2010 622 2069 i.

227 2107 357 2169 ioannes
370 2102 535 2166 Forhesius
551 2105 581 2162 in
597 2101 847 2163 instructionibus
862 2101 911 2161 lli-

189 2199 500 2275 storicn'l'heologicis
517 2213 583 2275 pag.
601 2195 671 2257 743.
686 2212 750 2272 seq.

226 2292 411 2354 Fruneitcnt
427 2289 463 2351 de
489 2287 629 2367 llaricy,
656 2288 910 2365 Arcbiepiscopus

187 2388 362 2464 liothomag.
374 2383 448 2446 libro
462 2386 491 2444 4.
502 2389 533 2443 44
545 2383 573 2444 4.
591 2382 629 2442 44
644 2382 734 2442 rebus
746 2381 909 2454 Ecclesiae,

188 2483 310 2542 Parisiis
328 2481 416 2541 4645.
436 2478 484 2538 iol.

231 2572 357 2633 Thomna
366 2570 462 2649 litigii
473 2571 596 2630 historia
602 2571 837 2643 Donatistarum,
848 2568 910 2628 dis-

189 2669 293 2727 sertat.
312 2664 446 2726 secunda
463 2663 601 2742 heptadis
616 2661 770 2739 subjectae
783 2661 849 2741 eius
860 2678 910 2738 ap

189 2759 307 2838 pandici
318 2759 539 2819 dissertationis
556 2755 594 2816 de
604 2754 823 2815 haeresiarchis
832 2754 911 2832 Apo

189 2852 312 2913 stolicae
325 2857 357 2913 44
380 2850 533 2930 Apostolis
554 2850 708 2927 proximae
732 2849 841 2908 aetatis
864 2848 912 2905 Li-

190 2946 275 3026 psiae
293 2944 382 3007 4696.
401 2945 418 3002 4

228 3038 358 3100 loannes
375 3034 528 3116 44444444
544 3033 582 3104 44
596 3034 738 3097 conciliis
755 3032 911 3111 inquibus

188 3133 363 3194 Donatistae
376 3131 528 3203 damnati,
544 3131 638 3209 partis
652 3130 685 3189 V.
700 3127 834 3207 Epistola
851 3127 912 3205 pri·

189 3245 258 3302 rna,
274 3233 356 3287 tomo
373 3226 479 3286 ultimo
495 3225 645 3302 Operum,
662 3227 694 3282 44
710 3223 739 3281 44
767 3220 912 3280 disserta-

190 3322 271 3381 tione
287 3319 325 3379 de
342 3322 462 3379 notione
475 3317 599 3396 plenarii
614 3313 695 3392 apud
706 3314 910 3392 Augustinum

190 3413 314 3474 Concilii
326 3408 621 3487 (ArelatensisAnno
638 3407 754 3471 Gllristi
771 3408 802 3466 34
812 3406 849 3481 4.)
858 3408 912 3465 Pa-

191 3508 270 3565 risiis
288 3504 376 3564 4644.
390 3503 479 3564 4664.
497 3498 584 3562 tolo.
596 3501 625 3560 8.
636 3507 667 3560 44
679 3499 831 3559 dissertat.
845 3496 912 3577 ejus

191 3596 340 3659 adversus
355 3595 525 3655 iohannem
543 3594 696 3654 Nicolaum
718 3591 911 3665 defensione,

192 3688 261 3749 ibid.
280 3687 370 3749 4667.
385 3688 415 3748 8.
431 3694 463 3748 44
480 3688 510 3747 44
527 3687 648 3764 scriptis
666 3685 772 3760 tribus,
788 3685 911 3760 Gallice,

191 3788 295 3842 contra
306 3783 340 3842 N.
352 3778 498 3842 Davidem
509 3779 607 3855 editis,
616 3779 709 3840 Paris.
724 3776 811 3840 4674.
824 3776 911 3839 4674.

232 3966 374 4030 uenter
391 3963 596 4049 leydeciernt
610 3967 647 4028 ad
662 3967 692 4028 S.
707 3964 867 4045 Augustini
879 3965 914 4025 li·

192 4063 281 4124 brum
298 4062 335 4122 de
361 4064 477 4122 unitate
502 4061 671 4135 Ecclesiae,
686 4063 719 4118 44
735 4060 766 4116 44
784 4057 857 4119 diss.
876 4057 914 4118 de

194 4155 364 4217 Schismate
380 4155 616 4228 Donatistarum,
629 4160 659 4213 et
671 4151 742 4211 bist.
760 4150 913 4212 Ecclesiae

194 4249 352 4312 Africanae
366 4248 523 4309 illustrata.
637 4260 640 4265 ·

236 4341 361 4402 Thomna
378 4342 457 4420 lonq
482 4341 597 4417 history
614 4339 647 4398 ol
671 4337 722 4396 the
749 4336 912 4396 Donatista.

194 4435 288 4496 Lond.
304 4433 393 4495 4677.
407 4434 437 4493 8.

233 4527 358 4589 loannis
375 4524 505 4602 Nicone,
522 4523 643 4588 Ordinis
660 4520 913 4595 Praedicatorum,

195 4622 232 4682 de
249 4621 381 4682 Concilio
399 4621 531 4698 plenario
557 4624 661 4679 contra
678 4615 851 4674 Donatistae
865 4615 917 4675 ha·

194 4715 255 4774 bito
271 4712 499 4773 dissertationes
516 4711 601 4772 duae.
619 4709 740 4770 Parisiis
758 4708 845 4768 4668.
869 4709 916 4769 44.

195 4807 214 4866 4
230 4807 293 4867 Vol.
311 4806 449 4865 Giornalc
476 4803 522 4866 de’
533 4802 664 4864 letterati
679 4799 708 4860 di
724 4801 816 4860 Darna
829 4801 917 4861 4668.

196 4916 262 4978 pag.
278 4901 327 4959 ⁹5.

237 4989 405 5052 Christiani
420 4989 540 5051 Nr‘ronii
552 4990 724 5053 exercitatio
741 4985 779 5049 dc
799 4984 919 5046 Donati·

769 317 1116 379 Donatistis

966 440 1047 498 erno,
1064 425 1230 503 praemissa
1254 423 1468 502 mataeulogiae
1487 425 1681 504 4444444444,

965 535 1043 596 quae
1057 517 1235 577 Germanice
1252 517 1362 595 prodiit
1374 516 1496 578 blindae
1515 517 1605 580 4673.

1007 609 1134 671 Henrici
1146 609 1258 688 Neris,
1275 610 1466 685 6444444444,
1483 611 1617 673 Historia
1636 615 1684 674 Do

967 706 1146 764 natistarum
1163 711 1325 782 postuma,
1340 704 1370 762 in
1398 710 1483 763 tomo
1499 712 1611 782 quarto
1626 704 1684 786 ejus

966 798 1120 877 Operum,
1139 799 1272 857 Veronae
1290 795 1380 858 4734.
1399 798 1448 857 iol.

1006 889 1154 950 Emonnel
1165 886 1407 952 Schetstrutenns
1428 891 1633 968 Antiquitatis
1658 893 1684 953 il-

966 985 1111 1046 lustratae
1129 991 1214 1062 parte
1228 985 1257 1045 4.
1273 984 1346 1043 diss.
1363 986 1391 1044 4.
1409 1000 1477 1062 cap.
1494 983 1524 1044 7.
1540 1002 1608 1064 pag.
1625 985 1682 1046 434.

965 1094 1028 1156 seq.
1044 1084 1075 1137 44
1090 1077 1321 1138 dissertionibus
1331 1076 1369 1137 de
1381 1077 1527 1138 Ecclesia
1544 1077 1682 1154 Alricana,

963 1174 1050 1233 Rom.
1071 1168 1160 1232 4679.
1181 1172 1208 1232 4.

1001 1264 1126 1325 loannis
1144 1261 1275 1345 44444444
1288 1262 1423 1338 Sturii,
1450 1266 1589 1324 Pastoris
1615 1266 1682 1326 llei-

963 1357 1157 1431 brunnensis‚
1174 1355 1297 1416 Bericlrt
1309 1373 1369 1417 uon
1382 1357 1580 1431 4444444444,
1600 1359 1685 1417 Fron·

963 1449 1066 1532 elfini
1081 1449 1168 1512 4743.
1187 1451 1335 1510 Acontea
1352 1449 1491 1510 Godiridi
1510 1450 1634 1511 Arnoldi
1650 1452 1683 1511 hi-

964 1547 1073 1606 storiae
1090 1544 1261 1604 haeresium
1280 1543 1330 1603 lib.
1346 1543 1394 1604 lV.

1008 1635 1208 1698 littemontius
1239 1643 1322 1696 tomo
1352 1643 1442 1697 sexto
1475 1639 1680 1699 memoriarum

965 1729 1684 1793 llist.Eccles.editarumGalliceParisiistlill.

922 1850 925 1855 ’
1005 1823 1130 1885 Henrici
1149 1823 1260 1886 Volesii
1272 1824 1446 1885 dissertatio
1465 1826 1507 1886 de
1528 1827 1682 1886 Schismatc

965 1920 1190 1980 Donatistarum
1201 1918 1338 1996 subjecta
1352 1916 1421 1996 ejus
1436 1922 1523 1979 notis
1536 1921 1563 1979 in
1573 1918 1680 1981 Eusebi

964 2014 1037 2073 llist.
1055 2013 1173 2072 Eccles.

1005 2103 1051 2164 Ei.
1079 2102 1181 2165 Veielii
1203 2104 1241 2164 de
1266 2102 1443 2165 discrimine
1472 2108 1590 2186 ingenti
1618 2108 1684 2165 inter

963 2216 1086 2261 causum
1116 2200 1341 2259 Donatistarum
1373 2205 1405 2258 44
1433 2202 1682 2272 protestantium,

965 2292 1069 2352 Ulmac
1083 2292 1169 2352 4686.
1182 2292 1209 2351 4.
1221 2290 1307 2352 Adde
1317 2289 1443 2352 Antonii
1452 2292 1595 2355 Sadeelis
1606 2311 1682 2374 opera

964 2403 1030 2465 pag.
1056 2384 1124 2445 873.
1147 2400 1212 2463 seq.
1235 2383 1363 2447 Davidia
1389 2383 1533 2446 Ancillas
1562 2389 1682 2466 llelange

964 2479 1099 2555 Critique
1116 2484 1189 2538 tom.
1206 2478 1247 2552 4,
1263 2495 1331 2557 pag.
1350 2479 1421 2540 434.
1442 2495 1510 2559 seq.
1529 2488 1590 2541 444.

1002 2571 1195 2631 4444444444
1212 2569 1503 2634 Witsinsdissertat.
1521 2576 1626 2635 ultima
1636 2576 1680 2636 lli-

964 2663 1183 2724 scellaneorum
1202 2667 1274 2723 tom.
1294 2667 1306 2725 4
1325 2681 1414 2744 ,pag
1432 2665 1505 2728 744.
1526 2685 1592 2747 seq.

1004 2755 1197 2830 DONATUS,
1213 2756 1277 2816 Airi
1291 2759 1436 2818 eremitae
1450 2759 1631 2841 discipulus,
1641 2763 1680 2823 lli·

966 2851 1067 2927 spanis
1084 2857 1188 2909 auctor
1206 2851 1389 2911 monasticae
1407 2851 1631 2929 observantiae,
1646 2864 1681 2914 to

966 2948 1013 3002 ste
1029 2942 1179 3004 lldelonsu
1196 2960 1261 3022 cap.
1280 2944 1308 3002 4.
1320 2942 1357 3004 44
1373 2942 1583 3024 Scriptoribus
1593 2949 1681 3010 Eccle·

967 3037 1107 3096 siastieis.
1134 3036 1217 3098 ldem
1241 3035 1477 3098 Seruitonornrn
1500 3041 1532 3100 in
1555 3042 1681 3121 llispania

966 3126 1080 3204 Abbas,
1095 3129 1183 3209 cujus
1199 3129 1366 3209 discipulus
1376 3136 1408 3191 44
1425 3123 1678 3195 successorium

966 3219 1035 3282 dem
1056 3224 1235 3283 blonasterio
1260 3221 1361 3284 Abbas
1386 3223 1579 3305 Eutropius,
1596 3235 1628 3288 ut
1642 3233 1679 3288 est

968 3315 996 3374 in
1009 3313 1156 3376 Chronico
1167 3317 1292 3388 loannis
1306 3316 1501 3380 biclariensis
1518 3321 1556 3381 ad
1571 3320 1678 3381 Annum

966 3409 1077 3468 tustini
1100 3409 1135 3468 V.
1159 3414 1192 3470 et
1216 3409 1345 3470 liauritii
1360 3410 1560 3490 imperatoris
1577 3416 1613 3475 ll.
1626 3415 1679 3474 sire

966 3500 1003 3567 ad
1020 3501 1143 3563 Annum
1161 3503 1277 3564 Cllnsti
1295 3500 1364 3564 aio.
1379 3510 1412 3563 44
1428 3507 1500 3565 583.
1516 3506 1643 3568 obiisse.
1655 3507 1680 3567 A.

967 3593 1187 3657 taatrennu·
1213 3597 1244 3656 in
1265 3596 1413 3658 Chronico
1439 3599 1681 3662 iseudohlaximi

967 3688 1257 3768 Caesaraugustam,
1275 3690 1302 3761 a]
1324 3695 1356 3749 44
1375 3689 1518 3769 rapulam
1546 3694 1682 3755 44444444-

967 3796 1038 3841 rnnr
1051 3782 1081 3844 8.
1099 3779 1263 3860 Aupuetini
1279 3783 1509 3862 locupletiorem
1533 3788 1683 3849 mitiorem·

967 3890 1027 3952 qne
1043 3875 1174 3952 primum
1192 3877 1221 3933 in
1240 3875 1414 3953 lllspaniam
1433 3879 1606 3943 invexisse.
1620 3883 1683 3945 Coo

969 3966 1013 4028 ier
1031 3967 1201 4046 Philippum
1227 3966 1362 4028 Elesium
1379 3984 1448 4048 pag.
1464 3970 1536 4033 473.
1555 3991 1620 4053 seq.
1634 3975 1683 4036 lin·

967 4061 1131 4120 comiastici
1159 4058 1381 4137 Augustiniani.
1408 4064 1560 4143 4444444444
1588 4066 1681 4128 Donati

967 4151 1010 4212 44
1026 4151 1159 4231 Virpiner
1175 4154 1386 4214 transmissam
1404 4155 1442 4216 44
1460 4175 1496 4220 se
1513 4176 1552 4221 ex
1572 4166 1682 4222 vetusto

967 4245 1077 4306 Codice
1107 4263 1124 4307 a
1147 4247 1307 4308 canonicis
1334 4246 1527 4326 regularibus
1554 4255 1683 4334 Corporis

970 4335 1084 4399 Cllristi
1101 4338 1223 4399 Colonia
1236 4382 1242 4413 ,
1253 4344 1385 4401 testatur
1399 4340 1559 4406 Aubertus
1571 4350 1685 4408 Miraeus

969 4430 1006 4491 ad
1025 4430 1208 4492 lldeionsum
1233 4439 1265 4492 44
1281 4433 1312 4492 44
1327 4432 1455 4495 elencho
1478 4441 1651 4518 regularum
1663 4458 1684 4517 p.

972 4526 1039 4586 436.
1057 4523 1205 4601 44444444
1220 4523 1289 4602 ejus
1302 4527 1555 4611 inscriptionem,
1567 4551 1643 4613 quae
1655 4536 1685 4594 ita

971 4633 1005 4678 se
1022 4617 1131 4677 habet:
1149 4615 1270 4679 8444444
1283 4622 1313 4679 44
1327 4636 1349 4679 o
1363 4634 1411 4680 tue
1423 4620 1598 4701 plurimam
1613 4641 1686 4688 nene

1012 4854 1039 4915 a)
1055 4858 1082 4905 Ρ.
1098 4853 1145 4904 oti
1162 4853 1226 4905 edit.
1236 4858 1365 4909 44444444
1381 4863 1495 4926 bivarii,
1514 4865 1617 4928 mett,
1637 4863 1687 4916 toti

969 4925 1014 4980 tol.
1028 4935 1053 4977 et
1069 4928 1100 4978 ad
1118 4927 1214 4979 calcem
1230 4929 1403 4984 bibliothecae
1414 4941 1510 4991 veteris
1520 4942 1686 5007 Dispensat·

969 5001 1033 5052 colui
1052 5007 1155 5053 Antonii
1177 5009 1239 5054 torn.
1256 5005 1272 5053 4
1289 5019 1345 5072 pag.
1364 5009 1421 5060 446.
