<?xml version="1.0" encoding="UTF-8"?>
<!DOCTYPE html PUBLIC "-//W3C//DTD XHTML 1.0 Transitional//EN"
    "http://www.w3.org/TR/xhtml1/DTD/xhtml1-transitional.dtd">
<html xmlns="http://www.w3.org/1999/xhtml" xml:lang="en" lang="en">
 <head>
  <title>
</title>
<meta http-equiv="Content-Type" content="text/html;charset=utf-8" />
  <meta name='ocr-system' content='tesseract 3.04.00' />
  <meta name='ocr-capabilities' content='ocr_page ocr_carea ocr_par ocr_line ocrx_word'/>
</head>
<body>
  <div class='ocr_page' id='page_1' title='image "./bibliothecalati00gallgoog/bibliothecalati00gallgoog_0377.png"; bbox 0 0 3458 5332; ppageno 0'>
   <div class='ocr_carea' id='block_1_1' title="bbox 216 317 1166 390">
    <p class='ocr_par' dir='ltr' id='par_1_1' title="bbox 216 317 1166 390">
     <span class='ocr_line' id='line_1_1' title="bbox 216 317 1166 390; baseline -0.009 -1"><span class='ocrx_word' id='word_1_1' title='bbox 216 328 276 390; x_wconf 84' lang='grc'><strong>378</strong></span> <span class='ocrx_word' id='word_1_2' title='bbox 356 357 358 361; x_wconf 46' lang='grc'>’</span> <span class='ocrx_word' id='word_1_3' title='bbox 760 317 1166 383; x_wconf 68' lang='grc' dir='ltr'><strong>ΕΘΝ-0041014818</strong></span> 
     </span>
    </p>
   </div>
   <div class='ocr_carea' id='block_1_2' title="bbox 137 423 1711 4903">
    <p class='ocr_par' dir='ltr' id='par_1_2' title="bbox 216 423 1710 597">
     <span class='ocr_line' id='line_1_2' title="bbox 216 423 1709 504; baseline -0.005 -11"><span class='ocrx_word' id='word_1_4' title='bbox 216 432 382 494; x_wconf 88' lang='lat' dir='ltr'><strong>bliothecae</strong></span> <span class='ocrx_word' id='word_1_5' title='bbox 393 430 523 489; x_wconf 80' lang='lat' dir='ltr'>Graecae</span> <span class='ocrx_word' id='word_1_6' title='bbox 538 441 604 503; x_wconf 80' lang='lat' dir='ltr'><strong>pag.</strong></span> <span class='ocrx_word' id='word_1_7' title='bbox 617 423 675 485; x_wconf 79' lang='lat'><strong>553</strong></span> <span class='ocrx_word' id='word_1_8' title='bbox 691 425 797 484; x_wconf 88' lang='lat' dir='ltr'><strong>imitati</strong></span> <span class='ocrx_word' id='word_1_9' title='bbox 811 425 934 504; x_wconf 87' lang='lat' dir='ltr'><strong>ludaei,</strong></span> <span class='ocrx_word' id='word_1_10' title='bbox 989 427 1149 488; x_wconf 79' lang='lat' dir='ltr'><strong>toracensis</strong></span> <span class='ocrx_word' id='word_1_11' title='bbox 1159 430 1191 486; x_wconf 90' lang='grc'><strong>44</strong></span> <span class='ocrx_word' id='word_1_12' title='bbox 1200 424 1380 502; x_wconf 78' lang='lat' dir='ltr'><strong>Presbyter,</strong></span> <span class='ocrx_word' id='word_1_13' title='bbox 1395 441 1433 484; x_wconf 85' lang='lat' dir='ltr'><strong>ex</strong></span> <span class='ocrx_word' id='word_1_14' title='bbox 1454 423 1546 503; x_wconf 86' lang='lat' dir='ltr'><strong>cujus</strong></span> <span class='ocrx_word' id='word_1_15' title='bbox 1566 425 1709 493; x_wconf 71' lang='lat' dir='ltr'><strong>Chronica</strong></span> 
     </span>
     <span class='ocr_line' id='line_1_3' title="bbox 217 517 1710 597; baseline -0.004 -11"><span class='ocrx_word' id='word_1_16' title='bbox 217 535 282 589; x_wconf 87' lang='lat' dir='ltr'><strong>tum</strong></span> <span class='ocrx_word' id='word_1_17' title='bbox 301 521 462 594; x_wconf 85' lang='lat' dir='ltr'>Germani,</span> <span class='ocrx_word' id='word_1_18' title='bbox 478 518 606 596; x_wconf 82' lang='lat' dir='ltr'>Belgae,</span> <span class='ocrx_word' id='word_1_19' title='bbox 623 517 711 596; x_wconf 81' lang='lat' dir='ltr'>Angli</span> <span class='ocrx_word' id='word_1_20' title='bbox 728 524 785 578; x_wconf 85' lang='lat' dir='ltr'><strong>etc.</strong></span> <span class='ocrx_word' id='word_1_21' title='bbox 990 521 1137 582; x_wconf 89' lang='lat' dir='ltr'><strong>Urstisius</strong></span> <span class='ocrx_word' id='word_1_22' title='bbox 1151 526 1223 583; x_wconf 87' lang='lat' dir='ltr'><strong>tom.</strong></span> <span class='ocrx_word' id='word_1_23' title='bbox 1237 520 1264 579; x_wconf 96' lang='grc'><strong>11</strong></span> <span class='ocrx_word' id='word_1_24' title='bbox 1279 520 1460 597; x_wconf 88' lang='lat' dir='ltr'><strong>scriptorum</strong></span> <span class='ocrx_word' id='word_1_25' title='bbox 1474 535 1582 580; x_wconf 89' lang='lat' dir='ltr'><strong>rerum</strong></span> <span class='ocrx_word' id='word_1_26' title='bbox 1592 521 1710 586; x_wconf 67' lang='lat' dir='ltr'><strong>Germa</strong></span> 
     </span>
    </p>

    <p class='ocr_par' dir='ltr' id='par_1_3' title="bbox 214 608 1711 1068">
     <span class='ocr_line' id='line_1_4' title="bbox 255 608 1710 693; baseline -0.001 -13"><span class='ocrx_word' id='word_1_27' title='bbox 255 608 935 680; x_wconf 77' lang='grc' dir='ltr'><strong>00140014ΕΝ818111414444444441444.4347.</strong></span> <span class='ocrx_word' id='word_1_28' title='bbox 989 617 1126 675; x_wconf 90' lang='lat' dir='ltr'><strong>nicarum</strong></span> <span class='ocrx_word' id='word_1_29' title='bbox 1142 629 1209 693; x_wconf 84' lang='lat' dir='ltr'><strong>pag.</strong></span> <span class='ocrx_word' id='word_1_30' title='bbox 1227 612 1285 674; x_wconf 94' lang='grc'><strong>480</strong></span> <span class='ocrx_word' id='word_1_31' title='bbox 1302 611 1395 672; x_wconf 90' lang='lat' dir='ltr'><strong>edidit</strong></span> <span class='ocrx_word' id='word_1_32' title='bbox 1409 613 1517 673; x_wconf 87' lang='lat' dir='ltr'><strong>Latine</strong></span> <span class='ocrx_word' id='word_1_33' title='bbox 1533 615 1710 678; x_wconf 86' lang='lat' dir='ltr'><strong>translatam</strong></span> 
     </span>
     <span class='ocr_line' id='line_1_5' title="bbox 215 702 1710 790; baseline -0.001 -21"><span class='ocrx_word' id='word_1_34' title='bbox 215 714 416 790; x_wconf 83' lang='lat' dir='ltr'><strong>Episcopatus</strong></span> <span class='ocrx_word' id='word_1_35' title='bbox 428 708 457 766; x_wconf 92' lang='lat' dir='ltr'><strong>in</strong></span> <span class='ocrx_word' id='word_1_36' title='bbox 472 704 587 781; x_wconf 90' lang='lat' dir='ltr'>Gallia,</span> <span class='ocrx_word' id='word_1_37' title='bbox 603 702 770 766; x_wconf 81' lang='grc'><strong>0444444444</strong></span> <span class='ocrx_word' id='word_1_38' title='bbox 786 722 883 784; x_wconf 89' lang='lat' dir='ltr'><strong>usque</strong></span> <span class='ocrx_word' id='word_1_39' title='bbox 896 706 936 769; x_wconf 90' lang='lat' dir='ltr'><strong>ad</strong></span> <span class='ocrx_word' id='word_1_40' title='bbox 989 706 1164 771; x_wconf 77' lang='grc'><strong>4444444444</strong></span> <span class='ocrx_word' id='word_1_41' title='bbox 1190 704 1450 767; x_wconf 79' lang='lat' dir='ltr'><strong>emouctorotr&#39;om&#39;s</strong></span> <span class='ocrx_word' id='word_1_42' title='bbox 1468 711 1507 767; x_wconf 88' lang='grc'><strong>-44</strong></span> <span class='ocrx_word' id='word_1_43' title='bbox 1528 706 1710 788; x_wconf 62' lang='lat' dir='ltr'><strong>privatione</strong></span> 
     </span>
     <span class='ocr_line' id='line_1_6' title="bbox 215 797 1711 878; baseline 0 -13"><span class='ocrx_word' id='word_1_44' title='bbox 215 805 336 865; x_wconf 79' lang='lat' dir='ltr'><strong>Annum</strong></span> <span class='ocrx_word' id='word_1_45' title='bbox 354 800 427 863; x_wconf 88' lang='grc'><strong>4374</strong></span> <span class='ocrx_word' id='word_1_46' title='bbox 448 797 562 860; x_wconf 90' lang='lat' dir='ltr'><strong>editum</strong></span> <span class='ocrx_word' id='word_1_47' title='bbox 579 814 598 858; x_wconf 92' lang='lat' dir='ltr'>a</span> <span class='ocrx_word' id='word_1_48' title='bbox 613 797 758 858; x_wconf 87' lang='lat' dir='ltr'><strong>Dacherio</strong></span> <span class='ocrx_word' id='word_1_49' title='bbox 776 804 847 860; x_wconf 90' lang='lat' dir='ltr'><strong>tom.</strong></span> <span class='ocrx_word' id='word_1_50' title='bbox 864 802 935 862; x_wconf 89' lang='lat' dir='ltr'>Xlll</span> <span class='ocrx_word' id='word_1_51' title='bbox 993 798 1161 866; x_wconf 80' lang='lat' dir='ltr'><strong>Weocesloi</strong></span> <span class='ocrx_word' id='word_1_52' title='bbox 1178 798 1376 878; x_wconf 80' lang='lat' dir='ltr'><strong>Imperatoris</strong></span> <span class='ocrx_word' id='word_1_53' title='bbox 1396 800 1489 861; x_wconf 90' lang='lat' dir='ltr'><strong>latam</strong></span> <span class='ocrx_word' id='word_1_54' title='bbox 1512 801 1553 862; x_wconf 89' lang='lat' dir='ltr'><strong>ab</strong></span> <span class='ocrx_word' id='word_1_55' title='bbox 1572 803 1711 865; x_wconf 85' lang='lat' dir='ltr'><strong>Electori·</strong></span> 
     </span>
     <span class='ocr_line' id='line_1_7' title="bbox 215 890 1710 979; baseline -0.001 -21"><span class='ocrx_word' id='word_1_56' title='bbox 215 896 357 976; x_wconf 84' lang='lat' dir='ltr'><strong>spicilegii</strong></span> <span class='ocrx_word' id='word_1_57' title='bbox 374 910 441 973; x_wconf 84' lang='lat' dir='ltr'><strong>pag.</strong></span> <span class='ocrx_word' id='word_1_58' title='bbox 459 892 536 969; x_wconf 89' lang='grc'><strong>432,</strong></span> <span class='ocrx_word' id='word_1_59' title='bbox 551 896 623 952; x_wconf 91' lang='lat' dir='ltr'><strong>tom.</strong></span> <span class='ocrx_word' id='word_1_60' title='bbox 640 892 668 952; x_wconf 94' lang='lat' dir='ltr'><strong>ll</strong></span> <span class='ocrx_word' id='word_1_61' title='bbox 684 890 823 971; x_wconf 82' lang='lat' dir='ltr'><strong>editionis</strong></span> <span class='ocrx_word' id='word_1_62' title='bbox 840 910 936 957; x_wconf 87' lang='lat' dir='ltr'><strong>novae</strong></span> <span class='ocrx_word' id='word_1_63' title='bbox 989 893 1047 956; x_wconf 89' lang='lat' dir='ltr'><strong>bus</strong></span> <span class='ocrx_word' id='word_1_64' title='bbox 1064 893 1183 972; x_wconf 88' lang='lat' dir='ltr'><strong>imperil</strong></span> <span class='ocrx_word' id='word_1_65' title='bbox 1199 891 1257 954; x_wconf 82' lang='lat' dir='ltr'><strong>An.</strong></span> <span class='ocrx_word' id='word_1_66' title='bbox 1273 893 1360 955; x_wconf 94' lang='grc'><strong>4400.</strong></span> <span class='ocrx_word' id='word_1_67' title='bbox 1376 893 1415 956; x_wconf 93' lang='grc'><strong>20</strong></span> <span class='ocrx_word' id='word_1_68' title='bbox 1432 892 1568 971; x_wconf 81' lang='lat' dir='ltr'><strong>August.</strong></span> <span class='ocrx_word' id='word_1_69' title='bbox 1585 895 1710 979; x_wconf 75' lang='lat' dir='ltr'><strong>lioning-</strong></span> 
     </span>
     <span class='ocr_line' id='line_1_8' title="bbox 214 984 1710 1068; baseline 0.003 -19"><span class='ocrx_word' id='word_1_70' title='bbox 214 1007 280 1068; x_wconf 86' lang='lat' dir='ltr'><strong>pag.</strong></span> <span class='ocrx_word' id='word_1_71' title='bbox 298 987 440 1049; x_wconf 84' lang='grc'><strong>580-602.</strong></span> <span class='ocrx_word' id='word_1_72' title='bbox 991 986 1118 1049; x_wconf 89' lang='lat' dir='ltr'><strong>shoienii</strong></span> <span class='ocrx_word' id='word_1_73' title='bbox 1133 984 1302 1050; x_wconf 73' lang='lat' dir='ltr'><strong><em>chronicon</em></strong></span> <span class='ocrx_word' id='word_1_74' title='bbox 1314 987 1464 1066; x_wconf 88' lang='lat' dir='ltr'><strong>integrum</strong></span> <span class='ocrx_word' id='word_1_75' title='bbox 1481 989 1634 1066; x_wconf 86' lang='lat' dir='ltr'><strong>scriptum</strong></span> <span class='ocrx_word' id='word_1_76' title='bbox 1646 990 1710 1053; x_wconf 83' lang='grc'><strong>644·</strong></span> 
     </span>
    </p>

    <p class='ocr_par' dir='ltr' id='par_1_4' title="bbox 213 1075 1706 2469">
     <span class='ocr_line' id='line_1_9' title="bbox 255 1075 1706 1164; baseline 0.001 -19"><span class='ocrx_word' id='word_1_77' title='bbox 255 1078 458 1145; x_wconf 76' lang='grc'><strong>0044041408</strong></span> <span class='ocrx_word' id='word_1_78' title='bbox 473 1075 575 1139; x_wconf 81' lang='lat' dir='ltr'><strong>Abbas</strong></span> <span class='ocrx_word' id='word_1_79' title='bbox 592 1077 741 1139; x_wconf 86' lang='lat' dir='ltr'><strong>Hibernas</strong></span> <span class='ocrx_word' id='word_1_80' title='bbox 758 1080 939 1142; x_wconf 76' lang='lat' dir='ltr'><strong>cistercien·</strong></span> <span class='ocrx_word' id='word_1_81' title='bbox 992 1081 1109 1142; x_wconf 91' lang='lat' dir='ltr'><strong>manice</strong></span> <span class='ocrx_word' id='word_1_82' title='bbox 1129 1086 1161 1141; x_wconf 91' lang='lat' dir='ltr'><strong>et</strong></span> <span class='ocrx_word' id='word_1_83' title='bbox 1181 1096 1231 1164; x_wconf 88' lang='lat' dir='ltr'><strong>res</strong></span> <span class='ocrx_word' id='word_1_84' title='bbox 1249 1079 1288 1140; x_wconf 90' lang='lat' dir='ltr'><strong>ah</strong></span> <span class='ocrx_word' id='word_1_85' title='bbox 1307 1078 1378 1140; x_wconf 90' lang='lat' dir='ltr'><strong>orbe</strong></span> <span class='ocrx_word' id='word_1_86' title='bbox 1401 1077 1549 1158; x_wconf 88' lang='lat' dir='ltr'><strong>condito,</strong></span> <span class='ocrx_word' id='word_1_87' title='bbox 1570 1080 1706 1146; x_wconf 81' lang='lat' dir='ltr'><strong>Alsaticas</strong></span> 
     </span>
     <span class='ocr_line' id='line_1_10' title="bbox 213 1170 1704 1255; baseline 0.001 -17"><span class='ocrx_word' id='word_1_88' title='bbox 213 1179 277 1255; x_wconf 88' lang='lat' dir='ltr'><strong>sis,</strong></span> <span class='ocrx_word' id='word_1_89' title='bbox 305 1178 335 1237; x_wconf 86' lang='lat' dir='ltr'><strong>S.</strong></span> <span class='ocrx_word' id='word_1_90' title='bbox 362 1170 528 1251; x_wconf 89' lang='lat' dir='ltr'><strong>Bernhardi</strong></span> <span class='ocrx_word' id='word_1_91' title='bbox 555 1173 690 1248; x_wconf 84' lang='lat' dir='ltr'><strong>amicus,</strong></span> <span class='ocrx_word' id='word_1_92' title='bbox 717 1175 805 1252; x_wconf 88' lang='lat' dir='ltr'><strong>eique</strong></span> <span class='ocrx_word' id='word_1_93' title='bbox 833 1179 939 1235; x_wconf 88' lang='lat' dir='ltr'><strong>auctor</strong></span> <span class='ocrx_word' id='word_1_94' title='bbox 991 1175 1168 1252; x_wconf 88' lang='lat' dir='ltr'><strong>praesertim</strong></span> <span class='ocrx_word' id='word_1_95' title='bbox 1196 1179 1228 1233; x_wconf 92' lang='grc'><strong>44</strong></span> <span class='ocrx_word' id='word_1_96' title='bbox 1253 1170 1529 1252; x_wconf 82' lang='lat' dir='ltr'><strong>Argentoratenses</strong></span> <span class='ocrx_word' id='word_1_97' title='bbox 1560 1175 1704 1254; x_wconf 63' lang='lat' dir='ltr'><strong>usquessnl</strong></span> 
     </span>
     <span class='ocr_line' id='line_1_11' title="bbox 215 1265 1703 1349; baseline -0.001 -19"><span class='ocrx_word' id='word_1_98' title='bbox 215 1268 390 1331; x_wconf 85' lang='lat' dir='ltr'>scribendae</span> <span class='ocrx_word' id='word_1_99' title='bbox 421 1268 501 1326; x_wconf 91' lang='lat' dir='ltr'><strong>vitae</strong></span> <span class='ocrx_word' id='word_1_100' title='bbox 533 1265 563 1326; x_wconf 92' lang='lat' dir='ltr'><strong>S.</strong></span> <span class='ocrx_word' id='word_1_101' title='bbox 590 1265 771 1340; x_wconf 82' lang='lat' dir='ltr'>Malachiae,</span> <span class='ocrx_word' id='word_1_102' title='bbox 797 1268 937 1347; x_wconf 86' lang='lat' dir='ltr'><strong>Episcopi</strong></span> <span class='ocrx_word' id='word_1_103' title='bbox 991 1265 1115 1327; x_wconf 80' lang='lat' dir='ltr'><strong>Annum</strong></span> <span class='ocrx_word' id='word_1_104' title='bbox 1136 1267 1214 1329; x_wconf 88' lang='grc'><strong>4386</strong></span> <span class='ocrx_word' id='word_1_105' title='bbox 1236 1283 1423 1346; x_wconf 84' lang='lat' dir='ltr'><strong>persequens</strong></span> <span class='ocrx_word' id='word_1_106' title='bbox 1446 1265 1545 1328; x_wconf 77' lang='lat' dir='ltr'><strong>edidit</strong></span> <span class='ocrx_word' id='word_1_107' title='bbox 1570 1271 1618 1329; x_wconf 85' lang='lat' dir='ltr'><strong>vir</strong></span> <span class='ocrx_word' id='word_1_108' title='bbox 1635 1288 1703 1349; x_wconf 77' lang='lat' dir='ltr'><strong>prae</strong></span> 
     </span>
     <span class='ocr_line' id='line_1_12' title="bbox 215 1356 1701 1442; baseline 0.001 -17"><span class='ocrx_word' id='word_1_109' title='bbox 215 1362 357 1435; x_wconf 87' lang='lat' dir='ltr'><strong>lliherni,</strong></span> <span class='ocrx_word' id='word_1_110' title='bbox 373 1358 431 1420; x_wconf 80' lang='lat' dir='ltr'><strong>ho.</strong></span> <span class='ocrx_word' id='word_1_111' title='bbox 450 1360 529 1421; x_wconf 92' lang='grc'><strong>4448</strong></span> <span class='ocrx_word' id='word_1_112' title='bbox 548 1356 702 1433; x_wconf 76' lang='lat' dir='ltr'><strong>defuncti,</strong></span> <span class='ocrx_word' id='word_1_113' title='bbox 719 1376 797 1437; x_wconf 90' lang='lat' dir='ltr'><strong>quae</strong></span> <span class='ocrx_word' id='word_1_114' title='bbox 818 1362 849 1419; x_wconf 93' lang='lat' dir='ltr'><strong>in</strong></span> <span class='ocrx_word' id='word_1_115' title='bbox 869 1377 939 1438; x_wconf 92' lang='lat' dir='ltr'><strong>ope·</strong></span> <span class='ocrx_word' id='word_1_116' title='bbox 993 1361 1094 1422; x_wconf 89' lang='lat' dir='ltr'><strong>clarus</strong></span> <span class='ocrx_word' id='word_1_117' title='bbox 1113 1360 1267 1421; x_wconf 81' lang='lat' dir='ltr'><strong>iohannes</strong></span> <span class='ocrx_word' id='word_1_118' title='bbox 1286 1360 1455 1422; x_wconf 86' lang='lat' dir='ltr'><strong>Schilterus</strong></span> <span class='ocrx_word' id='word_1_119' title='bbox 1476 1360 1505 1437; x_wconf 85' lang='lat' dir='ltr'><strong>a)</strong></span> <span class='ocrx_word' id='word_1_120' title='bbox 1528 1359 1701 1442; x_wconf 81' lang='lat' dir='ltr'><strong>Argentorali</strong></span> 
     </span>
     <span class='ocr_line' id='line_1_13' title="bbox 216 1451 1699 1532; baseline 0.001 -15"><span class='ocrx_word' id='word_1_121' title='bbox 216 1451 475 1518; x_wconf 88' lang='lat' dir='ltr'><strong>ribnsBernhardi</strong></span> <span class='ocrx_word' id='word_1_122' title='bbox 486 1452 614 1532; x_wconf 84' lang='lat' dir='ltr'><strong>legitur,</strong></span> <span class='ocrx_word' id='word_1_123' title='bbox 625 1459 760 1532; x_wconf 87' lang='lat' dir='ltr'><strong>utsupra</strong></span> <span class='ocrx_word' id='word_1_124' title='bbox 772 1471 801 1532; x_wconf 91' lang='lat' dir='ltr'><strong>p.</strong></span> <span class='ocrx_word' id='word_1_125' title='bbox 815 1453 940 1516; x_wconf 88' lang='grc'><strong>208444-</strong></span> <span class='ocrx_word' id='word_1_126' title='bbox 996 1455 1093 1530; x_wconf 88' lang='grc'><strong>4698,</strong></span> <span class='ocrx_word' id='word_1_127' title='bbox 1109 1455 1136 1514; x_wconf 89' lang='grc'><strong>4.</strong></span> <span class='ocrx_word' id='word_1_128' title='bbox 1150 1452 1261 1514; x_wconf 88' lang='lat' dir='ltr'><strong>additis</strong></span> <span class='ocrx_word' id='word_1_129' title='bbox 1277 1453 1439 1532; x_wconf 86' lang='lat' dir='ltr'><strong>praeclaris</strong></span> <span class='ocrx_word' id='word_1_130' title='bbox 1455 1453 1699 1518; x_wconf 87' lang='lat' dir='ltr'><strong>observationibns</strong></span> 
     </span>
     <span class='ocr_line' id='line_1_14' title="bbox 216 1545 1694 1626; baseline 0.001 -16"><span class='ocrx_word' id='word_1_131' title='bbox 216 1557 281 1610; x_wconf 88' lang='grc'><strong>4444</strong></span> <span class='ocrx_word' id='word_1_132' title='bbox 298 1564 347 1618; x_wconf 85' lang='lat' dir='ltr'><strong>me</strong></span> <span class='ocrx_word' id='word_1_133' title='bbox 363 1546 507 1621; x_wconf 84' lang='lat' dir='ltr'><strong>memini,</strong></span> <span class='ocrx_word' id='word_1_134' title='bbox 522 1551 553 1605; x_wconf 92' lang='lat' dir='ltr'><strong>et</strong></span> <span class='ocrx_word' id='word_1_135' title='bbox 568 1547 597 1604; x_wconf 94' lang='lat' dir='ltr'><strong>in</strong></span> <span class='ocrx_word' id='word_1_136' title='bbox 609 1545 739 1606; x_wconf 88' lang='lat' dir='ltr'><strong>Thomae</strong></span> <span class='ocrx_word' id='word_1_137' title='bbox 755 1547 939 1625; x_wconf 65' lang='grc'><strong>1144444344-</strong></span> <span class='ocrx_word' id='word_1_138' title='bbox 992 1547 1143 1619; x_wconf 71' lang='lat' dir='ltr'><strong>historicis</strong></span> <span class='ocrx_word' id='word_1_139' title='bbox 1156 1553 1188 1607; x_wconf 90' lang='grc'><strong>44</strong></span> <span class='ocrx_word' id='word_1_140' title='bbox 1200 1547 1404 1626; x_wconf 90' lang='lat' dir='ltr'><strong>Diplomatum</strong></span> <span class='ocrx_word' id='word_1_141' title='bbox 1418 1554 1564 1608; x_wconf 85' lang='lat' dir='ltr'><strong>veterum</strong></span> <span class='ocrx_word' id='word_1_142' title='bbox 1578 1552 1694 1610; x_wconf 81' lang='grc'><strong>44444444.</strong></span> 
     </span>
     <span class='ocr_line' id='line_1_15' title="bbox 215 1638 1693 1725; baseline 0 -22"><span class='ocrx_word' id='word_1_143' title='bbox 215 1644 257 1703; x_wconf 91' lang='lat' dir='ltr'><strong>mi</strong></span> <span class='ocrx_word' id='word_1_144' title='bbox 274 1640 415 1719; x_wconf 84' lang='lat' dir='ltr'><strong>florilegio</strong></span> <span class='ocrx_word' id='word_1_145' title='bbox 430 1638 609 1699; x_wconf 90' lang='lat' dir='ltr'><strong>Sanctorum</strong></span> <span class='ocrx_word' id='word_1_146' title='bbox 623 1638 780 1700; x_wconf 85' lang='lat' dir='ltr'><strong>Hiberniae</strong></span> <span class='ocrx_word' id='word_1_147' title='bbox 793 1655 859 1718; x_wconf 82' lang='lat' dir='ltr'><strong>pag.</strong></span> <span class='ocrx_word' id='word_1_148' title='bbox 870 1639 938 1701; x_wconf 83' lang='lat'><strong>350.</strong></span> <span class='ocrx_word' id='word_1_149' title='bbox 993 1641 1070 1703; x_wconf 86' lang='lat' dir='ltr'><strong>Cum</strong></span> <span class='ocrx_word' id='word_1_150' title='bbox 1087 1638 1355 1725; x_wconf 84' lang='lat' dir='ltr'><strong>Chroniconistud</strong></span> <span class='ocrx_word' id='word_1_151' title='bbox 1370 1642 1399 1700; x_wconf 89' lang='lat' dir='ltr'><strong>in</strong></span> <span class='ocrx_word' id='word_1_152' title='bbox 1415 1638 1473 1701; x_wconf 81' lang='grc'><strong>444.</strong></span> <span class='ocrx_word' id='word_1_153' title='bbox 1489 1641 1573 1702; x_wconf 85' lang='grc'><strong>4386</strong></span> <span class='ocrx_word' id='word_1_154' title='bbox 1587 1642 1693 1717; x_wconf 85' lang='lat' dir='ltr'><strong>desinat,</strong></span> 
     </span>
     <span class='ocr_line' id='line_1_16' title="bbox 216 1733 1692 1811; baseline 0.002 -16"><span class='ocrx_word' id='word_1_155' title='bbox 216 1733 299 1795; x_wconf 87' lang='lat' dir='ltr'><strong>idem</strong></span> <span class='ocrx_word' id='word_1_156' title='bbox 315 1734 477 1810; x_wconf 83' lang='lat' dir='ltr'><strong>Conganus</strong></span> <span class='ocrx_word' id='word_1_157' title='bbox 490 1734 580 1792; x_wconf 90' lang='lat' dir='ltr'><strong>etiam</strong></span> <span class='ocrx_word' id='word_1_158' title='bbox 595 1734 660 1811; x_wconf 89' lang='lat' dir='ltr'><strong>ipse</strong></span> <span class='ocrx_word' id='word_1_159' title='bbox 675 1735 769 1793; x_wconf 89' lang='lat' dir='ltr'><strong>vitam</strong></span> <span class='ocrx_word' id='word_1_160' title='bbox 785 1733 865 1794; x_wconf 89' lang='lat' dir='ltr'><strong>illius</strong></span> <span class='ocrx_word' id='word_1_161' title='bbox 879 1736 938 1795; x_wconf 88' lang='lat' dir='ltr'>lia-</span> <span class='ocrx_word' id='word_1_162' title='bbox 993 1749 1118 1794; x_wconf 90' lang='lat' dir='ltr'><strong>necesse</strong></span> <span class='ocrx_word' id='word_1_163' title='bbox 1132 1739 1180 1792; x_wconf 94' lang='grc'><strong>444</strong></span> <span class='ocrx_word' id='word_1_164' title='bbox 1193 1733 1356 1794; x_wconf 87' lang='lat' dir='ltr'><strong>Urstisium</strong></span> <span class='ocrx_word' id='word_1_165' title='bbox 1372 1735 1562 1797; x_wconf 86' lang='lat' dir='ltr'><strong>sententiam</strong></span> <span class='ocrx_word' id='word_1_166' title='bbox 1578 1741 1692 1799; x_wconf 76' lang='lat' dir='ltr'><strong>exaucto</strong></span> 
     </span>
     <span class='ocr_line' id='line_1_17' title="bbox 216 1824 1690 1904; baseline -0.001 -16"><span class='ocrx_word' id='word_1_167' title='bbox 216 1826 331 1888; x_wconf 89' lang='lat' dir='ltr'><strong>lachiae</strong></span> <span class='ocrx_word' id='word_1_168' title='bbox 347 1827 506 1904; x_wconf 86' lang='lat' dir='ltr'><strong>scripsisse</strong></span> <span class='ocrx_word' id='word_1_169' title='bbox 523 1824 684 1887; x_wconf 89' lang='lat' dir='ltr'><strong>traditura</strong></span> <span class='ocrx_word' id='word_1_170' title='bbox 701 1827 791 1887; x_wconf 90' lang='lat' dir='ltr'><strong>Baleo</strong></span> <span class='ocrx_word' id='word_1_171' title='bbox 804 1828 882 1890; x_wconf 88' lang='lat' dir='ltr'><strong>XIV.</strong></span> <span class='ocrx_word' id='word_1_172' title='bbox 898 1828 937 1887; x_wconf 88' lang='lat'><strong>86</strong></span> <span class='ocrx_word' id='word_1_173' title='bbox 992 1826 1115 1888; x_wconf 87' lang='lat' dir='ltr'><strong>rationis</strong></span> <span class='ocrx_word' id='word_1_174' title='bbox 1132 1825 1305 1894; x_wconf 84' lang='lat' dir='ltr'><strong>Wenceslai</strong></span> <span class='ocrx_word' id='word_1_175' title='bbox 1321 1827 1476 1904; x_wconf 88' lang='lat' dir='ltr'><strong>accepisse</strong></span> <span class='ocrx_word' id='word_1_176' title='bbox 1490 1828 1690 1904; x_wconf 65' lang='lat' dir='ltr'><strong>excodicare</strong></span> 
     </span>
     <span class='ocr_line' id='line_1_18' title="bbox 215 1918 1690 2001; baseline 0.001 -19"><span class='ocrx_word' id='word_1_177' title='bbox 215 1927 306 1999; x_wconf 88' lang='lat' dir='ltr'><strong>atque</strong></span> <span class='ocrx_word' id='word_1_178' title='bbox 328 1918 397 1980; x_wconf 92' lang='lat' dir='ltr'><strong>inde</strong></span> <span class='ocrx_word' id='word_1_179' title='bbox 418 1936 436 1980; x_wconf 93' lang='lat' dir='ltr'><strong>a</strong></span> <span class='ocrx_word' id='word_1_180' title='bbox 453 1918 579 1980; x_wconf 90' lang='lat' dir='ltr'><strong>Simlero</strong></span> <span class='ocrx_word' id='word_1_181' title='bbox 599 1926 631 1979; x_wconf 91' lang='grc'><strong>44</strong></span> <span class='ocrx_word' id='word_1_182' title='bbox 651 1921 835 1999; x_wconf 88' lang='lat' dir='ltr'><strong>Possevino,</strong></span> <span class='ocrx_word' id='word_1_183' title='bbox 857 1919 938 1998; x_wconf 89' lang='lat' dir='ltr'><strong>quod</strong></span> <span class='ocrx_word' id='word_1_184' title='bbox 992 1938 1052 1999; x_wconf 86' lang='lat' dir='ltr'><strong>quo</strong></span> <span class='ocrx_word' id='word_1_185' title='bbox 1069 1921 1119 1982; x_wconf 92' lang='lat' dir='ltr'>illa</span> <span class='ocrx_word' id='word_1_186' title='bbox 1135 1920 1173 1981; x_wconf 89' lang='lat' dir='ltr'><strong>ab</strong></span> <span class='ocrx_word' id='word_1_187' title='bbox 1188 1920 1245 1981; x_wconf 93' lang='grc'><strong>4144</strong></span> <span class='ocrx_word' id='word_1_188' title='bbox 1267 1936 1361 1981; x_wconf 89' lang='lat' dir='ltr'><strong>manu</strong></span> <span class='ocrx_word' id='word_1_189' title='bbox 1381 1920 1538 1983; x_wconf 83' lang='lat' dir='ltr'><strong>Chronico</strong></span> <span class='ocrx_word' id='word_1_190' title='bbox 1553 1921 1690 2001; x_wconf 70' lang='lat' dir='ltr'><strong>lionigshe</strong></span> 
     </span>
     <span class='ocr_line' id='line_1_19' title="bbox 215 2013 1363 2092; baseline -0.001 -17"><span class='ocrx_word' id='word_1_191' title='bbox 215 2016 322 2075; x_wconf 90' lang='lat' dir='ltr'><strong>merito</strong></span> <span class='ocrx_word' id='word_1_192' title='bbox 339 2015 466 2074; x_wconf 87' lang='lat' dir='ltr'><strong>miratus</strong></span> <span class='ocrx_word' id='word_1_193' title='bbox 481 2013 608 2078; x_wconf 88' lang='lat' dir='ltr'><strong>Vossius</strong></span> <span class='ocrx_word' id='word_1_194' title='bbox 625 2029 690 2091; x_wconf 86' lang='lat' dir='ltr'><strong>pag.</strong></span> <span class='ocrx_word' id='word_1_195' title='bbox 711 2014 768 2074; x_wconf 89' lang='grc'><strong>448</strong></span> <span class='ocrx_word' id='word_1_196' title='bbox 785 2013 822 2073; x_wconf 91' lang='lat' dir='ltr'><strong>de</strong></span> <span class='ocrx_word' id='word_1_197' title='bbox 839 2015 939 2074; x_wconf 75' lang='grc'><strong>04444-</strong></span> <span class='ocrx_word' id='word_1_198' title='bbox 993 2015 1062 2076; x_wconf 90' lang='lat' dir='ltr'><strong>ienii</strong></span> <span class='ocrx_word' id='word_1_199' title='bbox 1079 2013 1239 2092; x_wconf 86' lang='lat' dir='ltr'><strong>subjuncta</strong></span> <span class='ocrx_word' id='word_1_200' title='bbox 1257 2013 1363 2075; x_wconf 88' lang='lat' dir='ltr'><strong>iuerat.</strong></span> 
     </span>
     <span class='ocr_line' id='line_1_20' title="bbox 216 2104 1688 2189; baseline 0.001 -21"><span class='ocrx_word' id='word_1_201' title='bbox 216 2109 286 2168; x_wconf 91' lang='lat' dir='ltr'><strong>ricis</strong></span> <span class='ocrx_word' id='word_1_202' title='bbox 300 2108 413 2168; x_wconf 86' lang='lat' dir='ltr'><strong>Latinis</strong></span> <span class='ocrx_word' id='word_1_203' title='bbox 425 2151 432 2182; x_wconf 95' lang='lat'><strong>,</strong></span> <span class='ocrx_word' id='word_1_204' title='bbox 444 2123 542 2184; x_wconf 90' lang='lat' dir='ltr'><strong>neque</strong></span> <span class='ocrx_word' id='word_1_205' title='bbox 557 2104 660 2166; x_wconf 89' lang='lat' dir='ltr'><strong>dubito</strong></span> <span class='ocrx_word' id='word_1_206' title='bbox 674 2106 799 2166; x_wconf 88' lang='lat' dir='ltr'><strong>Baleum</strong></span> <span class='ocrx_word' id='word_1_207' title='bbox 814 2113 845 2168; x_wconf 89' lang='grc'><strong>44</strong></span> <span class='ocrx_word' id='word_1_208' title='bbox 859 2107 939 2168; x_wconf 89' lang='lat' dir='ltr'><strong>hanc</strong></span> <span class='ocrx_word' id='word_1_209' title='bbox 1032 2107 1285 2171; x_wconf 83' lang='lat' dir='ltr'>CONNOVlTlUS</span> <span class='ocrx_word' id='word_1_210' title='bbox 1300 2106 1469 2184; x_wconf 86' lang='lat' dir='ltr'><strong>Sacerdos,</strong></span> <span class='ocrx_word' id='word_1_211' title='bbox 1488 2110 1614 2189; x_wconf 85' lang='lat' dir='ltr'><strong>scriptor</strong></span> <span class='ocrx_word' id='word_1_212' title='bbox 1626 2124 1688 2170; x_wconf 79' lang='grc'><strong>4444</strong></span> 
     </span>
     <span class='ocr_line' id='line_1_21' title="bbox 216 2198 1687 2280; baseline 0.001 -21"><span class='ocrx_word' id='word_1_213' title='bbox 216 2202 309 2260; x_wconf 88' lang='lat' dir='ltr'><strong>vitam</strong></span> <span class='ocrx_word' id='word_1_214' title='bbox 330 2199 491 2261; x_wconf 85' lang='lat' dir='ltr'>Malachiae</span> <span class='ocrx_word' id='word_1_215' title='bbox 520 2205 551 2260; x_wconf 90' lang='grc'><strong>44</strong></span> <span class='ocrx_word' id='word_1_216' title='bbox 576 2198 780 2276; x_wconf 82' lang='lat' dir='ltr'><strong>Epistolarum</strong></span> <span class='ocrx_word' id='word_1_217' title='bbox 808 2198 846 2260; x_wconf 91' lang='lat' dir='ltr'><strong>ad</strong></span> <span class='ocrx_word' id='word_1_218' title='bbox 866 2202 938 2260; x_wconf 91' lang='lat' dir='ltr'><strong>Ber·</strong></span> <span class='ocrx_word' id='word_1_219' title='bbox 993 2217 1052 2262; x_wconf 89' lang='lat' dir='ltr'><strong>vus</strong></span> <span class='ocrx_word' id='word_1_220' title='bbox 1072 2200 1154 2263; x_wconf 80' lang='lat' dir='ltr'><strong>Viros</strong></span> <span class='ocrx_word' id='word_1_221' title='bbox 1170 2200 1201 2262; x_wconf 87' lang='grc'><strong>8.</strong></span> <span class='ocrx_word' id='word_1_222' title='bbox 1217 2198 1435 2280; x_wconf 78' lang='lat' dir='ltr'><strong>Hildepundir,</strong></span> <span class='ocrx_word' id='word_1_223' title='bbox 1457 2219 1540 2279; x_wconf 87' lang='lat' dir='ltr'><strong>quae</strong></span> <span class='ocrx_word' id='word_1_224' title='bbox 1559 2202 1611 2263; x_wconf 78' lang='lat' dir='ltr'><strong>An.</strong></span> <span class='ocrx_word' id='word_1_225' title='bbox 1631 2201 1687 2265; x_wconf 88' lang='grc'><strong>4444</strong></span> 
     </span>
     <span class='ocr_line' id='line_1_22' title="bbox 216 2292 1687 2373; baseline -0.001 -17"><span class='ocrx_word' id='word_1_226' title='bbox 216 2294 367 2356; x_wconf 91' lang='lat' dir='ltr'><strong>nhardum</strong></span> <span class='ocrx_word' id='word_1_227' title='bbox 388 2292 498 2353; x_wconf 89' lang='lat' dir='ltr'><strong>librum</strong></span> <span class='ocrx_word' id='word_1_228' title='bbox 514 2292 668 2369; x_wconf 85' lang='lat' dir='ltr'><strong>Gongani,</strong></span> <span class='ocrx_word' id='word_1_229' title='bbox 689 2309 728 2352; x_wconf 82' lang='lat' dir='ltr'><strong>ex</strong></span> <span class='ocrx_word' id='word_1_230' title='bbox 750 2292 852 2354; x_wconf 87' lang='lat' dir='ltr'><strong>verbis</strong></span> <span class='ocrx_word' id='word_1_231' title='bbox 868 2295 939 2354; x_wconf 91' lang='lat' dir='ltr'><strong>Ber·</strong></span> <span class='ocrx_word' id='word_1_232' title='bbox 993 2296 1087 2373; x_wconf 89' lang='lat' dir='ltr'><strong>obiit,</strong></span> <span class='ocrx_word' id='word_1_233' title='bbox 1108 2295 1206 2357; x_wconf 90' lang='lat' dir='ltr'><strong>editae</strong></span> <span class='ocrx_word' id='word_1_234' title='bbox 1228 2297 1257 2355; x_wconf 91' lang='lat' dir='ltr'><strong>in</strong></span> <span class='ocrx_word' id='word_1_235' title='bbox 1279 2295 1365 2357; x_wconf 81' lang='lat' dir='ltr'><strong>Actis</strong></span> <span class='ocrx_word' id='word_1_236' title='bbox 1385 2295 1568 2357; x_wconf 87' lang='lat' dir='ltr'><strong>Sanctorum</strong></span> <span class='ocrx_word' id='word_1_237' title='bbox 1587 2293 1687 2357; x_wconf 85' lang='grc'><strong>444411</strong></span> 
     </span>
     <span class='ocr_line' id='line_1_23' title="bbox 218 2384 1332 2469; baseline 0.001 -22"><span class='ocrx_word' id='word_1_238' title='bbox 218 2384 839 2450; x_wconf 76' lang='grc'><strong>441444644444644444014444844444444441.</strong></span> <span class='ocrx_word' id='word_1_239' title='bbox 851 2387 939 2448; x_wconf 84' lang='grc'><strong>4153.</strong></span> <span class='ocrx_word' id='word_1_240' title='bbox 993 2388 1087 2469; x_wconf 80' lang='lat' dir='ltr'><strong>April.</strong></span> <span class='ocrx_word' id='word_1_241' title='bbox 1104 2389 1163 2465; x_wconf 75' lang='lat'><strong>20,</strong></span> <span class='ocrx_word' id='word_1_242' title='bbox 1180 2406 1237 2468; x_wconf 83' lang='lat' dir='ltr'><strong>pag</strong></span> <span class='ocrx_word' id='word_1_243' title='bbox 1263 2387 1332 2450; x_wconf 89' lang='grc'><strong>782.</strong></span> 
     </span>
    </p>

    <p class='ocr_par' dir='ltr' id='par_1_5' title="bbox 219 2476 1693 3123">
     <span class='ocr_line' id='line_1_24' title="bbox 257 2476 1687 2561; baseline -0.001 -20"><span class='ocrx_word' id='word_1_244' title='bbox 257 2477 480 2541; x_wconf 77' lang='lat' dir='ltr'>CONGELLUS</span> <span class='ocrx_word' id='word_1_245' title='bbox 495 2478 676 2554; x_wconf 86' lang='lat' dir='ltr'><strong>Britannus,</strong></span> <span class='ocrx_word' id='word_1_246' title='bbox 698 2477 799 2539; x_wconf 81' lang='lat' dir='ltr'><strong>Abbas</strong></span> <span class='ocrx_word' id='word_1_247' title='bbox 821 2481 940 2540; x_wconf 83' lang='grc'><strong>14444444-</strong></span> <span class='ocrx_word' id='word_1_248' title='bbox 1011 2515 1014 2519; x_wconf 38' lang='lat'><strong>⁴</strong></span> <span class='ocrx_word' id='word_1_249' title='bbox 1033 2480 1380 2561; x_wconf 76' lang='grc'><strong>444944440014044444,</strong></span> <span class='ocrx_word' id='word_1_250' title='bbox 1391 2483 1459 2543; x_wconf 84' lang='lat' dir='ltr'><strong>sive</strong></span> <span class='ocrx_word' id='word_1_251' title='bbox 1469 2476 1687 2545; x_wconf 74' lang='lat' dir='ltr'><strong>condiisses</strong></span> 
     </span>
     <span class='ocr_line' id='line_1_25' title="bbox 219 2567 1689 2655; baseline 0.001 -24"><span class='ocrx_word' id='word_1_252' title='bbox 219 2571 376 2632; x_wconf 85' lang='lat' dir='ltr'><strong>chorensis</strong></span> <span class='ocrx_word' id='word_1_253' title='bbox 393 2571 471 2630; x_wconf 89' lang='lat' dir='ltr'><strong>circa</strong></span> <span class='ocrx_word' id='word_1_254' title='bbox 487 2567 611 2631; x_wconf 77' lang='lat' dir='ltr'><strong>Annum</strong></span> <span class='ocrx_word' id='word_1_255' title='bbox 625 2571 742 2634; x_wconf 84' lang='lat' dir='ltr'><strong>Cllristi</strong></span> <span class='ocrx_word' id='word_1_256' title='bbox 760 2573 799 2633; x_wconf 85' lang='grc'><strong>53</strong></span> <span class='ocrx_word' id='word_1_257' title='bbox 814 2573 941 2650; x_wconf 89' lang='lat' dir='ltr'><strong>scriptor</strong></span> <span class='ocrx_word' id='word_1_258' title='bbox 997 2576 1096 2655; x_wconf 90' lang='lat' dir='ltr'><strong>(apud</strong></span> <span class='ocrx_word' id='word_1_259' title='bbox 1116 2575 1293 2637; x_wconf 88' lang='lat' dir='ltr'><strong>Goldastum</strong></span> <span class='ocrx_word' id='word_1_260' title='bbox 1321 2573 1494 2642; x_wconf 82' lang='lat' dir='ltr'>CHONOEl</span> <span class='ocrx_word' id='word_1_261' title='bbox 1523 2592 1563 2636; x_wconf 84' lang='lat' dir='ltr'>ex</span> <span class='ocrx_word' id='word_1_262' title='bbox 1587 2572 1689 2637; x_wconf 85' lang='grc'><strong>0444444</strong></span> 
     </span>
     <span class='ocr_line' id='line_1_26' title="bbox 219 2661 1690 2746; baseline 0.001 -20"><span class='ocrx_word' id='word_1_263' title='bbox 219 2661 350 2742; x_wconf 69' lang='lat' dir='ltr'><strong>sepone</strong></span> <span class='ocrx_word' id='word_1_264' title='bbox 370 2661 607 2740; x_wconf 83' lang='lat' dir='ltr'><strong>Monochorom,</strong></span> <span class='ocrx_word' id='word_1_265' title='bbox 625 2681 703 2742; x_wconf 89' lang='lat' dir='ltr'><strong>quae</strong></span> <span class='ocrx_word' id='word_1_266' title='bbox 719 2682 737 2725; x_wconf 93' lang='lat' dir='ltr'><strong>a</strong></span> <span class='ocrx_word' id='word_1_267' title='bbox 753 2667 842 2726; x_wconf 87' lang='lat' dir='ltr'>Baleo</span> <span class='ocrx_word' id='word_1_268' title='bbox 863 2665 942 2725; x_wconf 83' lang='lat' dir='ltr'><strong>Cen·</strong></span> <span class='ocrx_word' id='word_1_269' title='bbox 997 2671 1211 2743; x_wconf 76' lang='lat' dir='ltr'><strong>cambrensis,</strong></span> <span class='ocrx_word' id='word_1_270' title='bbox 1236 2666 1375 2746; x_wconf 77' lang='lat' dir='ltr'><strong>Anglus,</strong></span> <span class='ocrx_word' id='word_1_271' title='bbox 1402 2667 1529 2730; x_wconf 87' lang='lat' dir='ltr'><strong>Ordinis</strong></span> <span class='ocrx_word' id='word_1_272' title='bbox 1553 2670 1690 2738; x_wconf 82' lang='grc'><strong>1444444444,</strong></span> 
     </span>
     <span class='ocr_line' id='line_1_27' title="bbox 221 2757 1690 2843; baseline 0.004 -26"><span class='ocrx_word' id='word_1_273' title='bbox 221 2765 280 2818; x_wconf 88' lang='lat' dir='ltr'><strong>tur.</strong></span> <span class='ocrx_word' id='word_1_274' title='bbox 292 2757 319 2832; x_wconf 90' lang='lat'><strong>1,</strong></span> <span class='ocrx_word' id='word_1_275' title='bbox 332 2773 396 2834; x_wconf 91' lang='lat' dir='ltr'><strong>cap.</strong></span> <span class='ocrx_word' id='word_1_276' title='bbox 412 2757 461 2816; x_wconf 85' lang='lat'><strong>53.</strong></span> <span class='ocrx_word' id='word_1_277' title='bbox 471 2759 570 2817; x_wconf 88' lang='lat' dir='ltr'><strong>Pitseo</strong></span> <span class='ocrx_word' id='word_1_278' title='bbox 580 2774 648 2836; x_wconf 83' lang='lat' dir='ltr'><strong>pag.</strong></span> <span class='ocrx_word' id='word_1_279' title='bbox 659 2758 707 2818; x_wconf 84' lang='lat'><strong>95.</strong></span> <span class='ocrx_word' id='word_1_280' title='bbox 721 2758 849 2818; x_wconf 89' lang='lat' dir='ltr'><strong>Waraeo</strong></span> <span class='ocrx_word' id='word_1_281' title='bbox 863 2757 944 2817; x_wconf 89' lang='lat' dir='ltr'><strong>aliis·</strong></span> <span class='ocrx_word' id='word_1_282' title='bbox 997 2764 1158 2825; x_wconf 81' lang='lat' dir='ltr'><strong>defunctus</strong></span> <span class='ocrx_word' id='word_1_283' title='bbox 1174 2761 1299 2823; x_wconf 90' lang='lat' dir='ltr'><strong>Londini</strong></span> <span class='ocrx_word' id='word_1_284' title='bbox 1312 2761 1369 2823; x_wconf 81' lang='grc'><strong>444.</strong></span> <span class='ocrx_word' id='word_1_285' title='bbox 1390 2763 1479 2824; x_wconf 89' lang='grc'><strong>4360.</strong></span> <span class='ocrx_word' id='word_1_286' title='bbox 1496 2763 1574 2843; x_wconf 79' lang='lat' dir='ltr'><strong>Ejus</strong></span> <span class='ocrx_word' id='word_1_287' title='bbox 1589 2758 1690 2842; x_wconf 70' lang='lat' dir='ltr'><strong>deiero</strong></span> 
     </span>
     <span class='ocr_line' id='line_1_28' title="bbox 222 2846 1693 2936; baseline 0.002 -25"><span class='ocrx_word' id='word_1_288' title='bbox 222 2867 282 2928; x_wconf 89' lang='lat' dir='ltr'><strong>que</strong></span> <span class='ocrx_word' id='word_1_289' title='bbox 299 2854 484 2910; x_wconf 88' lang='lat' dir='ltr'><strong>memoratur</strong></span> <span class='ocrx_word' id='word_1_290' title='bbox 500 2849 557 2910; x_wconf 89' lang='lat' dir='ltr'><strong>suh</strong></span> <span class='ocrx_word' id='word_1_291' title='bbox 575 2849 662 2910; x_wconf 89' lang='lat' dir='ltr'><strong>titulo</strong></span> <span class='ocrx_word' id='word_1_292' title='bbox 678 2847 714 2909; x_wconf 84' lang='lat' dir='ltr'><strong>de</strong></span> <span class='ocrx_word' id='word_1_293' title='bbox 730 2846 883 2928; x_wconf 80' lang='lat' dir='ltr'><strong>repuleris</strong></span> <span class='ocrx_word' id='word_1_294' title='bbox 899 2848 945 2911; x_wconf 82' lang='lat' dir='ltr'><strong>oi·</strong></span> <span class='ocrx_word' id='word_1_295' title='bbox 999 2855 1153 2936; x_wconf 79' lang='lat' dir='ltr'><strong>relipioois</strong></span> <span class='ocrx_word' id='word_1_296' title='bbox 1169 2854 1401 2916; x_wconf 82' lang='lat' dir='ltr'><strong>mendicootiem</strong></span> <span class='ocrx_word' id='word_1_297' title='bbox 1422 2855 1461 2917; x_wconf 86' lang='lat' dir='ltr'><strong>de</strong></span> <span class='ocrx_word' id='word_1_298' title='bbox 1478 2852 1693 2919; x_wconf 73' lang='lat' dir='ltr'><strong>Confessionha</strong></span> 
     </span>
     <span class='ocr_line' id='line_1_29' title="bbox 222 2939 1692 3032; baseline 0.002 -29"><span class='ocrx_word' id='word_1_299' title='bbox 222 2947 271 3003; x_wconf 83' lang='lat' dir='ltr'><strong>loc</strong></span> <span class='ocrx_word' id='word_1_300' title='bbox 286 2941 439 3020; x_wconf 75' lang='lat' dir='ltr'><strong>nothone,</strong></span> <span class='ocrx_word' id='word_1_301' title='bbox 460 2950 491 3004; x_wconf 89' lang='lat' dir='ltr'><strong>et</strong></span> <span class='ocrx_word' id='word_1_302' title='bbox 510 2940 718 3022; x_wconf 80' lang='lat' dir='ltr'><strong>Epistolorum</strong></span> <span class='ocrx_word' id='word_1_303' title='bbox 739 2939 944 3007; x_wconf 82' lang='grc'><strong>4410444444-</strong></span> <span class='ocrx_word' id='word_1_304' title='bbox 996 2969 1051 3032; x_wconf 88' lang='lat' dir='ltr'><strong>per</strong></span> <span class='ocrx_word' id='word_1_305' title='bbox 1076 2952 1239 3028; x_wconf 79' lang='lat' dir='ltr'><strong>Regulares</strong></span> <span class='ocrx_word' id='word_1_306' title='bbox 1265 2950 1424 3011; x_wconf 91' lang='lat' dir='ltr'><strong>audiendis</strong></span> <span class='ocrx_word' id='word_1_307' title='bbox 1452 2957 1558 3012; x_wconf 89' lang='lat' dir='ltr'><strong>contra</strong></span> <span class='ocrx_word' id='word_1_308' title='bbox 1582 2943 1692 3011; x_wconf 84' lang='lat' dir='ltr'><strong>llichardi</strong></span> 
     </span>
     <span class='ocr_line' id='line_1_30' title="bbox 223 3037 1693 3123; baseline 0.002 -21"><span class='ocrx_word' id='word_1_309' title='bbox 223 3042 326 3098; x_wconf 79' lang='lat' dir='ltr'><strong>tarum</strong></span> <span class='ocrx_word' id='word_1_310' title='bbox 341 3037 460 3097; x_wconf 60' lang='lat' dir='ltr'><strong>Patres·</strong></span> <span class='ocrx_word' id='word_1_311' title='bbox 998 3045 1218 3123; x_wconf 90' lang='lat' dir='ltr'><strong>Philoradulphi</strong></span> <span class='ocrx_word' id='word_1_312' title='bbox 1239 3042 1267 3123; x_wconf 81' lang='lat' dir='ltr'><strong>bl</strong></span> <span class='ocrx_word' id='word_1_313' title='bbox 1282 3087 1290 3120; x_wconf 92' lang='lat'><strong>,</strong></span> <span class='ocrx_word' id='word_1_314' title='bbox 1311 3043 1537 3123; x_wconf 79' lang='lat' dir='ltr'><strong>Archiepiscopi</strong></span> <span class='ocrx_word' id='word_1_315' title='bbox 1560 3038 1693 3105; x_wconf 74' lang='grc'><strong>44444404</strong></span> 
     </span>
    </p>

    <p class='ocr_par' dir='ltr' id='par_1_6' title="bbox 137 3128 1706 4061">
     <span class='ocr_line' id='line_1_31' title="bbox 264 3128 1694 3218; baseline 0.003 -24"><span class='ocrx_word' id='word_1_316' title='bbox 264 3130 280 3166; x_wconf 74' lang='grc'>*</span> <span class='ocrx_word' id='word_1_317' title='bbox 298 3128 455 3209; x_wconf 64' lang='lat' dir='ltr'><strong>Gemellus</strong></span> <span class='ocrx_word' id='word_1_318' title='bbox 468 3130 718 3206; x_wconf 58' lang='lat' dir='ltr'><strong>dormitantius,</strong></span> <span class='ocrx_word' id='word_1_319' title='bbox 736 3135 772 3191; x_wconf 77' lang='lat' dir='ltr'><strong>ut</strong></span> <span class='ocrx_word' id='word_1_320' title='bbox 784 3130 945 3191; x_wconf 70' lang='grc' dir='ltr'><strong>1410431)ΐί-</strong></span> <span class='ocrx_word' id='word_1_321' title='bbox 1000 3140 1049 3215; x_wconf 90' lang='lat' dir='ltr'><strong>ni,</strong></span> <span class='ocrx_word' id='word_1_322' title='bbox 1066 3142 1212 3218; x_wconf 92' lang='lat' dir='ltr'><strong>scriptum</strong></span> <span class='ocrx_word' id='word_1_323' title='bbox 1229 3138 1286 3199; x_wconf 80' lang='lat' dir='ltr'><strong>An.</strong></span> <span class='ocrx_word' id='word_1_324' title='bbox 1305 3136 1393 3201; x_wconf 86' lang='grc'><strong>4357.</strong></span> <span class='ocrx_word' id='word_1_325' title='bbox 1410 3136 1569 3198; x_wconf 80' lang='grc'><strong>4444444444</strong></span> <span class='ocrx_word' id='word_1_326' title='bbox 1589 3133 1694 3217; x_wconf 76' lang='lat' dir='ltr'><strong>propot&#39;r</strong></span> 
     </span>
     <span class='ocr_line' id='line_1_32' title="bbox 223 3221 1695 3310; baseline -0.001 -24"><span class='ocrx_word' id='word_1_327' title='bbox 223 3226 309 3301; x_wconf 90' lang='lat' dir='ltr'><strong>cius,</strong></span> <span class='ocrx_word' id='word_1_328' title='bbox 326 3224 379 3285; x_wconf 91' lang='lat' dir='ltr'><strong>sed</strong></span> <span class='ocrx_word' id='word_1_329' title='bbox 396 3225 565 3297; x_wconf 85' lang='lat' dir='ltr'><strong>ilihernus,</strong></span> <span class='ocrx_word' id='word_1_330' title='bbox 580 3230 612 3283; x_wconf 93' lang='grc'><strong>44</strong></span> <span class='ocrx_word' id='word_1_331' title='bbox 627 3225 658 3282; x_wconf 89' lang='grc'><strong>44</strong></span> <span class='ocrx_word' id='word_1_332' title='bbox 675 3222 878 3285; x_wconf 89' lang='lat' dir='ltr'><strong>Benchorensi</strong></span> <span class='ocrx_word' id='word_1_333' title='bbox 895 3221 945 3283; x_wconf 93' lang='lat' dir='ltr'><strong>Ul·</strong></span> <span class='ocrx_word' id='word_1_334' title='bbox 999 3237 1085 3310; x_wconf 71' lang='lat' dir='ltr'><strong>ium,</strong></span> <span class='ocrx_word' id='word_1_335' title='bbox 1102 3239 1202 3294; x_wconf 57' lang='lat' dir='ltr'><strong>exstat</strong></span> <span class='ocrx_word' id='word_1_336' title='bbox 1217 3235 1249 3293; x_wconf 80' lang='lat' dir='ltr'><strong>in</strong></span> <span class='ocrx_word' id='word_1_337' title='bbox 1263 3231 1397 3293; x_wconf 74' lang='lat' dir='ltr'><strong>Goidasii</strong></span> <span class='ocrx_word' id='word_1_338' title='bbox 1412 3232 1585 3293; x_wconf 74' lang='lat' dir='ltr'><strong>monarchia</strong></span> <span class='ocrx_word' id='word_1_339' title='bbox 1600 3227 1695 3307; x_wconf 76' lang='lat' dir='ltr'><strong>imperii</strong></span> 
     </span>
     <span class='ocr_line' id='line_1_33' title="bbox 224 3316 1697 3406; baseline -0.002 -26"><span class='ocrx_word' id='word_1_340' title='bbox 224 3322 322 3381; x_wconf 81' lang='lat' dir='ltr'><strong>ioniae</strong></span> <span class='ocrx_word' id='word_1_341' title='bbox 338 3320 517 3380; x_wconf 84' lang='lat' dir='ltr'><strong>Monasterio</strong></span> <span class='ocrx_word' id='word_1_342' title='bbox 532 3317 653 3393; x_wconf 79' lang='lat' dir='ltr'><strong>Abbas,</strong></span> <span class='ocrx_word' id='word_1_343' title='bbox 670 3323 706 3378; x_wconf 90' lang='grc'><strong>444</strong></span> <span class='ocrx_word' id='word_1_344' title='bbox 720 3317 833 3376; x_wconf 88' lang='lat' dir='ltr'><strong>evincit</strong></span> <span class='ocrx_word' id='word_1_345' title='bbox 846 3316 946 3376; x_wconf 83' lang='lat' dir='ltr'><strong>Mura-</strong></span> <span class='ocrx_word' id='word_1_346' title='bbox 999 3334 1071 3387; x_wconf 85' lang='lat' dir='ltr'><strong>lom.</strong></span> <span class='ocrx_word' id='word_1_347' title='bbox 1092 3329 1152 3404; x_wconf 62' lang='grc' dir='ltr'><strong>ιιι,</strong></span> <span class='ocrx_word' id='word_1_348' title='bbox 1178 3344 1244 3405; x_wconf 69' lang='lat' dir='ltr'><strong>pag,</strong></span> <span class='ocrx_word' id='word_1_349' title='bbox 1274 3325 1452 3388; x_wconf 70' lang='lat' dir='ltr'><strong>iiiii-iiii</strong></span> <span class='ocrx_word' id='word_1_350' title='bbox 1475 3328 1524 3387; x_wconf 75' lang='lat' dir='ltr'><strong>cui</strong></span> <span class='ocrx_word' id='word_1_351' title='bbox 1545 3341 1610 3406; x_wconf 72' lang='lat' dir='ltr'><strong>pag,</strong></span> <span class='ocrx_word' id='word_1_352' title='bbox 1630 3320 1697 3385; x_wconf 76' lang='grc'><strong>4404.</strong></span> 
     </span>
     <span class='ocr_line' id='line_1_34' title="bbox 224 3409 1700 3499; baseline 0.004 -25"><span class='ocrx_word' id='word_1_353' title='bbox 224 3415 320 3474; x_wconf 88' lang='lat' dir='ltr'><strong>torius</strong></span> <span class='ocrx_word' id='word_1_354' title='bbox 336 3415 366 3472; x_wconf 92' lang='lat' dir='ltr'><strong>in</strong></span> <span class='ocrx_word' id='word_1_355' title='bbox 375 3413 557 3492; x_wconf 86' lang='lat' dir='ltr'><strong>praefatione</strong></span> <span class='ocrx_word' id='word_1_356' title='bbox 570 3411 606 3472; x_wconf 92' lang='lat' dir='ltr'><strong>ad</strong></span> <span class='ocrx_word' id='word_1_357' title='bbox 624 3409 876 3489; x_wconf 66' lang='lat' dir='ltr'><strong>antiphonarium</strong></span> <span class='ocrx_word' id='word_1_358' title='bbox 894 3425 947 3469; x_wconf 91' lang='lat' dir='ltr'><strong>ve-</strong></span> <span class='ocrx_word' id='word_1_359' title='bbox 1000 3420 1180 3482; x_wconf 73' lang='lat' dir='ltr'><strong>Armachani</strong></span> <span class='ocrx_word' id='word_1_360' title='bbox 1199 3422 1346 3499; x_wconf 82' lang='lat' dir='ltr'><strong>scriptum</strong></span> <span class='ocrx_word' id='word_1_361' title='bbox 1360 3420 1576 3498; x_wconf 83' lang='lat' dir='ltr'><strong>praemittitur.</strong></span> <span class='ocrx_word' id='word_1_362' title='bbox 1592 3419 1700 3492; x_wconf 76' lang='lat' dir='ltr'><strong>omnm</strong></span> 
     </span>
     <span class='ocr_line' id='line_1_35' title="bbox 225 3503 1702 3593; baseline 0.003 -28"><span class='ocrx_word' id='word_1_363' title='bbox 225 3511 343 3566; x_wconf 86' lang='lat' dir='ltr'><strong>tastum</strong></span> <span class='ocrx_word' id='word_1_364' title='bbox 354 3506 527 3565; x_wconf 88' lang='lat' dir='ltr'><strong>monasterii</strong></span> <span class='ocrx_word' id='word_1_365' title='bbox 536 3503 826 3565; x_wconf 85' lang='lat' dir='ltr'><strong>Benchorensisase</strong></span> <span class='ocrx_word' id='word_1_366' title='bbox 842 3503 948 3583; x_wconf 85' lang='lat' dir='ltr'>vulga·</span> <span class='ocrx_word' id='word_1_367' title='bbox 1000 3517 1085 3593; x_wconf 78' lang='lat' dir='ltr'><strong>prius</strong></span> <span class='ocrx_word' id='word_1_368' title='bbox 1105 3530 1218 3575; x_wconf 72' lang='lat' dir='ltr'><strong>excusa</strong></span> <span class='ocrx_word' id='word_1_369' title='bbox 1243 3515 1363 3574; x_wconf 74' lang='lat' dir='ltr'><strong>Parisiis</strong></span> <span class='ocrx_word' id='word_1_370' title='bbox 1390 3513 1526 3575; x_wconf 73' lang='lat' dir='ltr'><strong>illidet</strong></span> <span class='ocrx_word' id='word_1_371' title='bbox 1548 3514 1618 3574; x_wconf 77' lang='grc'><strong>4544</strong></span> <span class='ocrx_word' id='word_1_372' title='bbox 1640 3513 1702 3569; x_wconf 78' lang='lat' dir='ltr'><strong>leste</strong></span> 
     </span>
     <span class='ocr_line' id='line_1_36' title="bbox 226 3595 1704 3686; baseline 0.002 -30"><span class='ocrx_word' id='word_1_373' title='bbox 226 3604 291 3658; x_wconf 92' lang='lat' dir='ltr'><strong>tum</strong></span> <span class='ocrx_word' id='word_1_374' title='bbox 312 3597 717 3657; x_wconf 74' lang='grc'><strong>4444414444144444444</strong></span> <span class='ocrx_word' id='word_1_375' title='bbox 738 3595 945 3674; x_wconf 89' lang='lat' dir='ltr'><strong>antiphonario</strong></span> <span class='ocrx_word' id='word_1_376' title='bbox 1000 3606 1168 3686; x_wconf 60' lang='lat' dir='ltr'><strong>windingo</strong></span> <span class='ocrx_word' id='word_1_377' title='bbox 1189 3623 1256 3685; x_wconf 77' lang='lat' dir='ltr'><strong>pag,</strong></span> <span class='ocrx_word' id='word_1_378' title='bbox 1277 3607 1345 3668; x_wconf 70' lang='lat' dir='ltr'><strong>iiii</strong></span> <span class='ocrx_word' id='word_1_379' title='bbox 1373 3604 1578 3666; x_wconf 79' lang='lat' dir='ltr'><strong>Bibliothecae</strong></span> <span class='ocrx_word' id='word_1_380' title='bbox 1603 3603 1704 3664; x_wconf 74' lang='lat' dir='ltr'><strong>Ordinis</strong></span> 
     </span>
     <span class='ocr_line' id='line_1_37' title="bbox 137 3690 1705 3778; baseline 0.004 -27"><span class='ocrx_word' id='word_1_381' title='bbox 137 3696 141 3706; x_wconf 84' lang='lat'>&#39;</span> <span class='ocrx_word' id='word_1_382' title='bbox 226 3691 323 3752; x_wconf 85' lang='lat' dir='ltr'><strong>Vetus</strong></span> <span class='ocrx_word' id='word_1_383' title='bbox 324 3691 451 3766; x_wconf 88' lang='lat' dir='ltr'><strong>tissime,</strong></span> <span class='ocrx_word' id='word_1_384' title='bbox 464 3696 497 3750; x_wconf 92' lang='lat' dir='ltr'><strong>et</strong></span> <span class='ocrx_word' id='word_1_385' title='bbox 514 3690 755 3760; x_wconf 87' lang='lat' dir='ltr'><strong>saeculisaltem,</strong></span> <span class='ocrx_word' id='word_1_386' title='bbox 764 3690 948 3767; x_wconf 80' lang='grc'><strong>4444444144-</strong></span> <span class='ocrx_word' id='word_1_387' title='bbox 1000 3705 1165 3774; x_wconf 71' lang='lat' dir='ltr'><strong>minoium,</strong></span> <span class='ocrx_word' id='word_1_388' title='bbox 1180 3702 1231 3778; x_wconf 88' lang='lat' dir='ltr'><strong>qui</strong></span> <span class='ocrx_word' id='word_1_389' title='bbox 1246 3705 1401 3778; x_wconf 79' lang='lat' dir='ltr'><strong>praeterea</strong></span> <span class='ocrx_word' id='word_1_390' title='bbox 1418 3694 1705 3760; x_wconf 70' lang='lat' dir='ltr'><strong>testatusestsehe</strong></span> 
     </span>
     <span class='ocr_line' id='line_1_38' title="bbox 227 3780 1705 3870; baseline 0.006 -27"><span class='ocrx_word' id='word_1_391' title='bbox 227 3786 355 3845; x_wconf 87' lang='lat' dir='ltr'><strong>raterius</strong></span> <span class='ocrx_word' id='word_1_392' title='bbox 380 3783 559 3859; x_wconf 84' lang='lat' dir='ltr'><strong>arbitratur,</strong></span> <span class='ocrx_word' id='word_1_393' title='bbox 575 3784 653 3844; x_wconf 88' lang='grc'><strong>44111.</strong></span> <span class='ocrx_word' id='word_1_394' title='bbox 682 3783 792 3861; x_wconf 80' lang='lat' dir='ltr'><strong>legitur</strong></span> <span class='ocrx_word' id='word_1_395' title='bbox 818 3780 947 3862; x_wconf 69' lang='lat' dir='ltr'><strong>hymnus</strong></span> <span class='ocrx_word' id='word_1_396' title='bbox 1001 3796 1072 3857; x_wconf 72' lang='lat' dir='ltr'><strong>here</strong></span> <span class='ocrx_word' id='word_1_397' title='bbox 1088 3795 1169 3856; x_wconf 78' lang='lat' dir='ltr'><strong>MSS</strong></span> <span class='ocrx_word' id='word_1_398' title='bbox 1186 3794 1334 3854; x_wconf 83' lang='lat' dir='ltr'><strong>Connovii</strong></span> <span class='ocrx_word' id='word_1_399' title='bbox 1351 3794 1550 3870; x_wconf 87' lang='lat' dir='ltr'><strong>quaestiones</strong></span> <span class='ocrx_word' id='word_1_400' title='bbox 1570 3799 1631 3853; x_wconf 85' lang='lat' dir='ltr'><strong>tres</strong></span> <span class='ocrx_word' id='word_1_401' title='bbox 1648 3789 1705 3851; x_wconf 79' lang='grc'><strong>4444</strong></span> 
     </span>
     <span class='ocr_line' id='line_1_39' title="bbox 225 3874 1705 3966; baseline 0.003 -23"><span class='ocrx_word' id='word_1_402' title='bbox 225 3877 258 3940; x_wconf 96' lang='grc'><strong>8</strong></span> <span class='ocrx_word' id='word_1_403' title='bbox 277 3875 408 3956; x_wconf 74' lang='grc'><strong>00494440</strong></span> <span class='ocrx_word' id='word_1_404' title='bbox 418 3874 531 3937; x_wconf 68' lang='lat' dir='ltr'><strong>Abbati</strong></span> <span class='ocrx_word' id='word_1_405' title='bbox 544 3881 647 3938; x_wconf 72' lang='grc'><strong>404440</strong></span> <span class='ocrx_word' id='word_1_406' title='bbox 666 3878 729 3955; x_wconf 70' lang='lat' dir='ltr'><strong>(Sici</strong></span> <span class='ocrx_word' id='word_1_407' title='bbox 744 3874 865 3938; x_wconf 67' lang='grc'><strong>(4400044</strong></span> <span class='ocrx_word' id='word_1_408' title='bbox 881 3889 1218 3957; x_wconf 65' lang='grc'><strong>44441444444444444</strong></span> <span class='ocrx_word' id='word_1_409' title='bbox 1236 3887 1340 3966; x_wconf 86' lang='lat' dir='ltr'><strong>plures</strong></span> <span class='ocrx_word' id='word_1_410' title='bbox 1356 3884 1417 3944; x_wconf 88' lang='lat' dir='ltr'><strong>dist</strong></span> <span class='ocrx_word' id='word_1_411' title='bbox 1404 3886 1518 3946; x_wconf 86' lang='lat' dir='ltr'><strong>tinctas</strong></span> <span class='ocrx_word' id='word_1_412' title='bbox 1533 3878 1705 3947; x_wconf 66' lang='grc'><strong>4444441440</strong></span> 
     </span>
     <span class='ocr_line' id='line_1_40' title="bbox 230 3971 1706 4061; baseline 0.003 -28"><span class='ocrx_word' id='word_1_413' title='bbox 230 3971 287 4033; x_wconf 83' lang='grc'><strong>439</strong></span> <span class='ocrx_word' id='word_1_414' title='bbox 310 3972 413 4050; x_wconf 90' lang='lat' dir='ltr'><strong>incipit</strong></span> <span class='ocrx_word' id='word_1_415' title='bbox 1005 3981 1130 4045; x_wconf 80' lang='lat' dir='ltr'><strong>Cilrr&#39;sii</strong></span> <span class='ocrx_word' id='word_1_416' title='bbox 1151 3985 1332 4061; x_wconf 76' lang='lat' dir='ltr'><strong>paupertate</strong></span> <span class='ocrx_word' id='word_1_417' title='bbox 1358 3983 1388 4038; x_wconf 92' lang='lat' dir='ltr'><strong>ct</strong></span> <span class='ocrx_word' id='word_1_418' title='bbox 1406 3977 1539 4039; x_wconf 73' lang='lat' dir='ltr'><strong>domine</strong></span> <span class='ocrx_word' id='word_1_419' title='bbox 1565 3971 1706 4060; x_wconf 63' lang='lat' dir='ltr'><strong>evaporat</strong></span> 
     </span>
    </p>

    <p class='ocr_par' dir='ltr' id='par_1_7' title="bbox 230 4072 1708 4715">
     <span class='ocr_line' id='line_1_41' title="bbox 363 4072 1707 4152; baseline -0.001 -18"><span class='ocrx_word' id='word_1_420' title='bbox 363 4075 680 4135; x_wconf 62' lang='lat' dir='ltr'><strong>recurramus-ioannes</strong></span> <span class='ocrx_word' id='word_1_421' title='bbox 1002 4079 1049 4138; x_wconf 90' lang='lat' dir='ltr'><strong>Jo.</strong></span> <span class='ocrx_word' id='word_1_422' title='bbox 1065 4077 1173 4137; x_wconf 91' lang='lat' dir='ltr'><strong>Baleus</strong></span> <span class='ocrx_word' id='word_1_423' title='bbox 1190 4075 1238 4135; x_wconf 88' lang='grc'><strong>441.</strong></span> <span class='ocrx_word' id='word_1_424' title='bbox 1256 4072 1324 4133; x_wconf 93' lang='grc'><strong>744</strong></span> <span class='ocrx_word' id='word_1_425' title='bbox 1341 4075 1462 4134; x_wconf 90' lang='lat' dir='ltr'><strong>Pitseus</strong></span> <span class='ocrx_word' id='word_1_426' title='bbox 1477 4089 1547 4152; x_wconf 81' lang='lat' dir='ltr'><strong>pag.</strong></span> <span class='ocrx_word' id='word_1_427' title='bbox 1567 4074 1624 4133; x_wconf 90' lang='grc'><strong>484</strong></span> <span class='ocrx_word' id='word_1_428' title='bbox 1642 4085 1707 4152; x_wconf 78' lang='lat' dir='ltr'><strong>prat·</strong></span> 
     </span>
     <span class='ocr_line' id='line_1_42' title="bbox 361 4148 1707 4246; baseline -0.001 -18"><span class='ocrx_word' id='word_1_429' title='bbox 361 4150 458 4203; x_wconf 57' lang='lat' dir='ltr'><strong>Nm</strong></span> <span class='ocrx_word' id='word_1_430' title='bbox 472 4149 585 4213; x_wconf 45' lang='lat'><strong><em>9⁰³⁰*</em></strong></span> <span class='ocrx_word' id='word_1_431' title='bbox 602 4148 726 4212; x_wconf 57' lang='lat' dir='ltr'><strong>s¹⁴²⁹⁸³⁰⁶</strong></span> <span class='ocrx_word' id='word_1_432' title='bbox 1003 4177 1087 4230; x_wconf 90' lang='lat' dir='ltr'><strong>terea</strong></span> <span class='ocrx_word' id='word_1_433' title='bbox 1103 4186 1173 4229; x_wconf 89' lang='lat' dir='ltr'><strong>cum</strong></span> <span class='ocrx_word' id='word_1_434' title='bbox 1191 4166 1360 4246; x_wconf 82' lang='lat' dir='ltr'><strong>Waddingo</strong></span> <span class='ocrx_word' id='word_1_435' title='bbox 1381 4174 1557 4227; x_wconf 87' lang='lat' dir='ltr'><strong>memorant</strong></span> <span class='ocrx_word' id='word_1_436' title='bbox 1576 4165 1642 4245; x_wconf 76' lang='lat' dir='ltr'><strong>ejus</strong></span> <span class='ocrx_word' id='word_1_437' title='bbox 1655 4165 1707 4226; x_wconf 80' lang='lat' dir='ltr'><strong>Ser·</strong></span> 
     </span>
     <span class='ocr_line' id='line_1_43' title="bbox 230 4250 1706 4338; baseline 0 -21"><span class='ocrx_word' id='word_1_438' title='bbox 230 4258 263 4318; x_wconf 94' lang='lat' dir='ltr'><strong>ln</strong></span> <span class='ocrx_word' id='word_1_439' title='bbox 278 4272 313 4315; x_wconf 93' lang='lat' dir='ltr'><strong>eo</strong></span> <span class='ocrx_word' id='word_1_440' title='bbox 327 4254 460 4314; x_wconf 89' lang='lat' dir='ltr'><strong>carmine</strong></span> <span class='ocrx_word' id='word_1_441' title='bbox 475 4251 627 4330; x_wconf 82' lang='lat' dir='ltr'><strong>designari</strong></span> <span class='ocrx_word' id='word_1_442' title='bbox 641 4250 724 4312; x_wconf 89' lang='lat' dir='ltr'><strong>haud</strong></span> <span class='ocrx_word' id='word_1_443' title='bbox 739 4250 865 4311; x_wconf 89' lang='lat' dir='ltr'><strong>obscure</strong></span> <span class='ocrx_word' id='word_1_444' title='bbox 881 4266 951 4310; x_wconf 90' lang='lat' dir='ltr'><strong>cen·</strong></span> <span class='ocrx_word' id='word_1_445' title='bbox 1004 4280 1123 4338; x_wconf 65' lang='lat' dir='ltr'><strong>mones,</strong></span> <span class='ocrx_word' id='word_1_446' title='bbox 1140 4263 1304 4336; x_wconf 62' lang='lat' dir='ltr'><strong>lecturos,</strong></span> <span class='ocrx_word' id='word_1_447' title='bbox 1322 4258 1519 4335; x_wconf 79' lang='lat' dir='ltr'><strong>Quaestiones</strong></span> <span class='ocrx_word' id='word_1_448' title='bbox 1540 4256 1706 4337; x_wconf 78' lang='grc'><strong>7444144444,</strong></span> 
     </span>
     <span class='ocr_line' id='line_1_44' title="bbox 230 4341 1708 4431; baseline -0.007 -7"><span class='ocrx_word' id='word_1_449' title='bbox 230 4366 282 4411; x_wconf 68' lang='grc'><strong>340</strong></span> <span class='ocrx_word' id='word_1_450' title='bbox 311 4347 455 4424; x_wconf 62' lang='grc' dir='ltr'><strong>84Γί1444111</strong></span> <span class='ocrx_word' id='word_1_451' title='bbox 485 4343 523 4404; x_wconf 65' lang='lat' dir='ltr'><strong>ab</strong></span> <span class='ocrx_word' id='word_1_452' title='bbox 553 4360 589 4403; x_wconf 65' lang='grc' dir='ltr'><strong>ΕΟ</strong></span> <span class='ocrx_word' id='word_1_453' title='bbox 620 4344 775 4421; x_wconf 86' lang='lat' dir='ltr'><strong>regulam,</strong></span> <span class='ocrx_word' id='word_1_454' title='bbox 796 4341 952 4403; x_wconf 65' lang='grc'><strong>0111113010</strong></span> <span class='ocrx_word' id='word_1_455' title='bbox 1005 4355 1270 4418; x_wconf 82' lang='lat' dir='ltr'><strong>Determinotiooes</strong></span> <span class='ocrx_word' id='word_1_456' title='bbox 1286 4350 1509 4431; x_wconf 78' lang='lat' dir='ltr'><strong>scholasticos,</strong></span> <span class='ocrx_word' id='word_1_457' title='bbox 1527 4360 1560 4415; x_wconf 87' lang='lat' dir='ltr'><strong>et</strong></span> <span class='ocrx_word' id='word_1_458' title='bbox 1575 4352 1708 4415; x_wconf 72' lang='grc'><strong>41444444</strong></span> 
     </span>
     <span class='ocr_line' id='line_1_45' title="bbox 231 4436 1554 4530; baseline -0.001 -20"><span class='ocrx_word' id='word_1_459' title='bbox 231 4441 383 4503; x_wconf 77' lang='lat' dir='ltr'><strong>Fabricius</strong></span> <span class='ocrx_word' id='word_1_460' title='bbox 403 4438 560 4511; x_wconf 75' lang='lat' dir='ltr'><strong>meminit,</strong></span> <span class='ocrx_word' id='word_1_461' title='bbox 582 4437 624 4498; x_wconf 84' lang='lat' dir='ltr'><strong>ita</strong></span> <span class='ocrx_word' id='word_1_462' title='bbox 644 4438 724 4497; x_wconf 78' lang='lat' dir='ltr'><strong>enim</strong></span> <span class='ocrx_word' id='word_1_463' title='bbox 746 4436 785 4496; x_wconf 71' lang='lat' dir='ltr'><strong>ibi</strong></span> <span class='ocrx_word' id='word_1_464' title='bbox 806 4436 871 4514; x_wconf 73' lang='lat'><strong>¹03⁰</strong></span> <span class='ocrx_word' id='word_1_465' title='bbox 1006 4450 1145 4530; x_wconf 72' lang='lat' dir='ltr'><strong>papantis</strong></span> <span class='ocrx_word' id='word_1_466' title='bbox 1160 4449 1331 4510; x_wconf 76' lang='lat' dir='ltr'><strong>continnae</strong></span> <span class='ocrx_word' id='word_1_467' title='bbox 1348 4443 1554 4509; x_wconf 79' lang='lat' dir='ltr'><strong>intellectione.</strong></span> 
     </span>
     <span class='ocr_line' id='line_1_46' title="bbox 364 4532 1706 4620; baseline -0.007 -12"><span class='ocrx_word' id='word_1_468' title='bbox 364 4555 655 4608; x_wconf 62' lang='lat' dir='ltr'><strong>dominacionem</strong></span> <span class='ocrx_word' id='word_1_469' title='bbox 1047 4541 1254 4608; x_wconf 80' lang='grc'><strong>001444401141</strong></span> <span class='ocrx_word' id='word_1_470' title='bbox 1271 4542 1416 4602; x_wconf 87' lang='lat' dir='ltr'><strong>Sermone</strong></span> <span class='ocrx_word' id='word_1_471' title='bbox 1436 4539 1475 4601; x_wconf 90' lang='lat' dir='ltr'><strong>de</strong></span> <span class='ocrx_word' id='word_1_472' title='bbox 1496 4532 1706 4620; x_wconf 63' lang='lat' dir='ltr'><strong>temporeliffi</strong></span> 
     </span>
     <span class='ocr_line' id='line_1_47' title="bbox 367 4625 1706 4715; baseline -0.007 -16"><span class='ocrx_word' id='word_1_473' title='bbox 367 4629 536 4682; x_wconf 65' lang='lat' dir='ltr'><strong>catholieo</strong></span> <span class='ocrx_word' id='word_1_474' title='bbox 553 4642 602 4692; x_wconf 68' lang='lat' dir='ltr'><strong>rer</strong></span> <span class='ocrx_word' id='word_1_475' title='bbox 618 4627 749 4691; x_wconf 61' lang='grc'><strong>444444·</strong></span> <span class='ocrx_word' id='word_1_476' title='bbox 1007 4642 1038 4700; x_wconf 81' lang='lat' dir='ltr'><strong>in</strong></span> <span class='ocrx_word' id='word_1_477' title='bbox 1058 4637 1240 4700; x_wconf 75' lang='lat' dir='ltr'><strong>pronomem</strong></span> <span class='ocrx_word' id='word_1_478' title='bbox 1260 4635 1384 4695; x_wconf 79' lang='lat' dir='ltr'><strong>Paulina</strong></span> <span class='ocrx_word' id='word_1_479' title='bbox 1411 4635 1562 4714; x_wconf 64' lang='lat' dir='ltr'><strong>riparensi</strong></span> <span class='ocrx_word' id='word_1_480' title='bbox 1583 4653 1647 4715; x_wconf 74' lang='lat' dir='ltr'><strong>pag.</strong></span> <span class='ocrx_word' id='word_1_481' title='bbox 1664 4625 1706 4691; x_wconf 81' lang='grc'><strong>44</strong></span> 
     </span>
    </p>

    <p class='ocr_par' dir='ltr' id='par_1_8' title="bbox 274 4721 1706 4806">
     <span class='ocr_line' id='line_1_48' title="bbox 274 4721 1706 4806; baseline -0.006 -12"><span class='ocrx_word' id='word_1_482' title='bbox 274 4731 838 4806; x_wconf 81' lang='grc'><strong>444404400146141841044108,4444</strong></span> <span class='ocrx_word' id='word_1_483' title='bbox 859 4728 954 4791; x_wconf 69' lang='grc'><strong>74444</strong></span> <span class='ocrx_word' id='word_1_484' title='bbox 1008 4735 1134 4796; x_wconf 83' lang='grc'><strong>44444444</strong></span> <span class='ocrx_word' id='word_1_485' title='bbox 1146 4727 1313 4794; x_wconf 77' lang='lat' dir='ltr'><strong>corradini</strong></span> <span class='ocrx_word' id='word_1_486' title='bbox 1320 4727 1451 4789; x_wconf 84' lang='lat' dir='ltr'><strong>Bornoti</strong></span> <span class='ocrx_word' id='word_1_487' title='bbox 1457 4775 1468 4806; x_wconf 87' lang='lat'><em>‚</em></span> <span class='ocrx_word' id='word_1_488' title='bbox 1479 4721 1706 4801; x_wconf 52' lang='lat' dir='ltr'><strong>liriniensis&amp;-</strong></span> 
     </span>
    </p>

    <p class='ocr_par' dir='ltr' id='par_1_9' title="bbox 234 4822 954 4903">
     <span class='ocr_line' id='line_1_49' title="bbox 234 4822 954 4903; baseline -0.01 -14"><span class='ocrx_word' id='word_1_489' title='bbox 234 4846 289 4903; x_wconf 78' lang='grc' dir='ltr'><strong>Ι444·</strong></span> <span class='ocrx_word' id='word_1_490' title='bbox 305 4828 340 4888; x_wconf 89' lang='grc'><strong>444</strong></span> <span class='ocrx_word' id='word_1_491' title='bbox 356 4826 648 4891; x_wconf 83' lang='lat' dir='ltr'>KONlNGSllOFEN</span> <span class='ocrx_word' id='word_1_492' title='bbox 662 4825 703 4903; x_wconf 81' lang='lat' dir='ltr'><strong>al,</strong></span> <span class='ocrx_word' id='word_1_493' title='bbox 717 4825 824 4886; x_wconf 89' lang='lat' dir='ltr'><strong>nobilis</strong></span> <span class='ocrx_word' id='word_1_494' title='bbox 841 4822 954 4903; x_wconf 79' lang='lat' dir='ltr'><strong>Argen-</strong></span> 
     </span>
    </p>
   </div>
   <div class='ocr_carea' id='block_1_3' title="bbox 279 4955 1557 5103">
    <p class='ocr_par' dir='ltr' id='par_1_10' title="bbox 279 4955 1557 5103">
     <span class='ocr_line' id='line_1_50' title="bbox 1049 4955 1557 5022; baseline 0 -12"><span class='ocrx_word' id='word_1_495' title='bbox 1049 4961 1076 5021; x_wconf 86' lang='grc'><strong>4)</strong></span> <span class='ocrx_word' id='word_1_496' title='bbox 1092 4965 1154 5010; x_wconf 78' lang='lat' dir='ltr'><strong>Aeta</strong></span> <span class='ocrx_word' id='word_1_497' title='bbox 1168 4956 1246 5009; x_wconf 80' lang='grc'><strong>4444441.</strong></span> <span class='ocrx_word' id='word_1_498' title='bbox 1261 4962 1310 5010; x_wconf 80' lang='grc'><strong>444.</strong></span> <span class='ocrx_word' id='word_1_499' title='bbox 1329 4955 1410 5018; x_wconf 78' lang='lat' dir='ltr'><strong>ists,</strong></span> <span class='ocrx_word' id='word_1_500' title='bbox 1425 4969 1486 5022; x_wconf 64' lang='lat' dir='ltr'><strong>pag.</strong></span> <span class='ocrx_word' id='word_1_501' title='bbox 1499 4957 1557 5010; x_wconf 74' lang='grc'><strong>001.</strong></span> 
     </span>
     <span class='ocr_line' id='line_1_51' title="bbox 279 5031 1473 5103; baseline -0.003 -15"><span class='ocrx_word' id='word_1_502' title='bbox 279 5040 305 5102; x_wconf 92' lang='lat' dir='ltr'><strong>n)</strong></span> <span class='ocrx_word' id='word_1_503' title='bbox 320 5045 454 5094; x_wconf 76' lang='lat' dir='ltr'><strong>rraneisco</strong></span> <span class='ocrx_word' id='word_1_504' title='bbox 469 5041 639 5096; x_wconf 76' lang='lat' dir='ltr'><strong>duillimaono</strong></span> <span class='ocrx_word' id='word_1_505' title='bbox 656 5041 698 5095; x_wconf 86' lang='lat' dir='ltr'><strong>hle</strong></span> <span class='ocrx_word' id='word_1_506' title='bbox 715 5040 798 5103; x_wconf 76' lang='grc'><strong>144444</strong></span> <span class='ocrx_word' id='word_1_507' title='bbox 816 5038 944 5091; x_wconf 81' lang='grc'><strong>44414444.</strong></span> <span class='ocrx_word' id='word_1_508' title='bbox 1051 5032 1220 5095; x_wconf 72' lang='lat' dir='ltr'><strong>dilatandus</strong></span> <span class='ocrx_word' id='word_1_509' title='bbox 1236 5043 1293 5094; x_wconf 79' lang='grc'><strong>444.</strong></span> <span class='ocrx_word' id='word_1_510' title='bbox 1311 5031 1360 5085; x_wconf 87' lang='grc'><strong>4114</strong></span> <span class='ocrx_word' id='word_1_511' title='bbox 1373 5037 1400 5084; x_wconf 82' lang='lat' dir='ltr'><strong>et</strong></span> <span class='ocrx_word' id='word_1_512' title='bbox 1415 5032 1473 5085; x_wconf 73' lang='grc'><strong>424.</strong></span> 
     </span>
    </p>
   </div>
   <div class='ocr_carea' id='block_1_4' title="bbox 0 0 1747 5332">
    <p class='ocr_par' dir='ltr' id='par_1_11' title="bbox 0 0 1747 5332">
     <span class='ocr_line' id='line_1_52' title="bbox 0 0 1747 5332; baseline 0 0"><span class='ocrx_word' id='word_1_513' title='bbox 0 0 1747 5332; x_wconf 95' lang='lat' dir='ltr'><strong> </strong></span> 
     </span>
    </p>
   </div>
  </div>
 </body>
</html>
