<?xml version="1.0" encoding="UTF-8"?>
<!DOCTYPE html PUBLIC "-//W3C//DTD XHTML 1.0 Transitional//EN"
    "http://www.w3.org/TR/xhtml1/DTD/xhtml1-transitional.dtd">
<html xmlns="http://www.w3.org/1999/xhtml" xml:lang="en" lang="en">
 <head>
  <title>
</title>
<meta http-equiv="Content-Type" content="text/html;charset=utf-8" />
  <meta name='ocr-system' content='tesseract 3.04.00' />
  <meta name='ocr-capabilities' content='ocr_page ocr_carea ocr_par ocr_line ocrx_word'/>
</head>
<body>
  <div class='ocr_page' id='page_1' title='image "./bibliothecalati00gallgoog/bibliothecalati00gallgoog_0483.png"; bbox 0 0 3458 5332; ppageno 0'>
   <div class='ocr_carea' id='block_1_1' title="bbox 181 312 1065 386">
    <p class='ocr_par' dir='ltr' id='par_1_1' title="bbox 181 312 1065 386">
     <span class='ocr_line' id='line_1_1' title="bbox 181 312 1065 386; baseline -0.002 -12"><span class='ocrx_word' id='word_1_1' title='bbox 181 325 240 386; x_wconf 70' lang='grc'>490</span> <span class='ocrx_word' id='word_1_2' title='bbox 770 312 1065 376; x_wconf 75' lang='lat' dir='ltr'>uenustus</span> 
     </span>
    </p>
   </div>
   <div class='ocr_carea' id='block_1_2' title="bbox 128 418 1681 4337">
    <p class='ocr_par' dir='ltr' id='par_1_2' title="bbox 128 418 1681 4337">
     <span class='ocr_line' id='line_1_2' title="bbox 181 418 1663 498; baseline -0.007 -6"><span class='ocrx_word' id='word_1_3' title='bbox 181 429 330 492; x_wconf 80' lang='lat' dir='ltr'>bruxellis</span> <span class='ocrx_word' id='word_1_4' title='bbox 348 427 426 488; x_wconf 90' lang='grc'>4686</span> <span class='ocrx_word' id='word_1_5' title='bbox 442 430 473 481; x_wconf 87' lang='grc'>44</span> <span class='ocrx_word' id='word_1_6' title='bbox 500 422 633 480; x_wconf 90' lang='lat' dir='ltr'>Venetiis</span> <span class='ocrx_word' id='word_1_7' title='bbox 649 420 747 495; x_wconf 89' lang='grc'>4792,</span> <span class='ocrx_word' id='word_1_8' title='bbox 775 423 824 482; x_wconf 88' lang='grc'>444.</span> <span class='ocrx_word' id='word_1_9' title='bbox 842 423 895 484; x_wconf 90' lang='lat' dir='ltr'>Se-</span> <span class='ocrx_word' id='word_1_10' title='bbox 948 423 1022 484; x_wconf 88' lang='lat' dir='ltr'>loeis</span> <span class='ocrx_word' id='word_1_11' title='bbox 1039 423 1154 482; x_wconf 88' lang='lat' dir='ltr'>notavit</span> <span class='ocrx_word' id='word_1_12' title='bbox 1171 419 1322 481; x_wconf 87' lang='lat' dir='ltr'>Lelandus</span> <span class='ocrx_word' id='word_1_13' title='bbox 1337 436 1404 498; x_wconf 91' lang='lat' dir='ltr'>cap.</span> <span class='ocrx_word' id='word_1_14' title='bbox 1422 420 1472 479; x_wconf 88' lang='grc'>66.</span> <span class='ocrx_word' id='word_1_15' title='bbox 1490 418 1597 481; x_wconf 84' lang='lat' dir='ltr'>Eidem</span> <span class='ocrx_word' id='word_1_16' title='bbox 1612 423 1663 483; x_wconf 87' lang='lat' dir='ltr'>Ec-</span> 
     </span>
     <span class='ocr_line' id='line_1_3' title="bbox 182 511 1663 602; baseline -0.005 -18"><span class='ocrx_word' id='word_1_17' title='bbox 182 528 319 602; x_wconf 86' lang='lat' dir='ltr'>quuntur</span> <span class='ocrx_word' id='word_1_18' title='bbox 335 518 413 578; x_wconf 90' lang='lat' dir='ltr'>tituli</span> <span class='ocrx_word' id='word_1_19' title='bbox 431 511 641 595; x_wconf 81' lang='lat' dir='ltr'>Capitulorom</span> <span class='ocrx_word' id='word_1_20' title='bbox 654 515 772 592; x_wconf 82' lang='lat' dir='ltr'><strong><em>XCVII,</em></strong></span> <span class='ocrx_word' id='word_1_21' title='bbox 789 513 825 575; x_wconf 85' lang='lat' dir='ltr'>de</span> <span class='ocrx_word' id='word_1_22' title='bbox 839 518 895 578; x_wconf 74' lang='grc'>84</span> <span class='ocrx_word' id='word_1_23' title='bbox 949 516 1034 577; x_wconf 88' lang='lat' dir='ltr'>berto</span> <span class='ocrx_word' id='word_1_24' title='bbox 1054 513 1164 576; x_wconf 87' lang='lat' dir='ltr'>Baleus</span> <span class='ocrx_word' id='word_1_25' title='bbox 1179 518 1297 574; x_wconf 86' lang='lat' dir='ltr'>centur.</span> <span class='ocrx_word' id='word_1_26' title='bbox 1316 515 1343 573; x_wconf 92' lang='grc'>4.</span> <span class='ocrx_word' id='word_1_27' title='bbox 1361 528 1426 590; x_wconf 89' lang='lat' dir='ltr'>cap.</span> <span class='ocrx_word' id='word_1_28' title='bbox 1443 513 1484 572; x_wconf 89' lang='grc'>98</span> <span class='ocrx_word' id='word_1_29' title='bbox 1501 519 1534 573; x_wconf 88' lang='lat' dir='ltr'>et</span> <span class='ocrx_word' id='word_1_30' title='bbox 1551 515 1663 576; x_wconf 86' lang='lat' dir='ltr'>Pitseus</span> 
     </span>
     <span class='ocr_line' id='line_1_4' title="bbox 180 605 1666 693; baseline -0.005 -15"><span class='ocrx_word' id='word_1_31' title='bbox 180 612 327 678; x_wconf 86' lang='lat' dir='ltr'>cerdotnli</span> <span class='ocrx_word' id='word_1_32' title='bbox 338 613 412 671; x_wconf 78' lang='lat' dir='ltr'>lore</span> <span class='ocrx_word' id='word_1_33' title='bbox 424 608 503 688; x_wconf 88' lang='lat' dir='ltr'>apud</span> <span class='ocrx_word' id='word_1_34' title='bbox 515 607 645 668; x_wconf 92' lang='lat' dir='ltr'>eundem</span> <span class='ocrx_word' id='word_1_35' title='bbox 659 609 895 693; x_wconf 86' lang='lat' dir='ltr'>Speelmannum</span> <span class='ocrx_word' id='word_1_36' title='bbox 950 627 1016 690; x_wconf 82' lang='lat' dir='ltr'>pag.</span> <span class='ocrx_word' id='word_1_37' title='bbox 1033 611 1091 672; x_wconf 93' lang='grc'>426</span> <span class='ocrx_word' id='word_1_38' title='bbox 1108 609 1201 668; x_wconf 86' lang='lat' dir='ltr'>etiam</span> <span class='ocrx_word' id='word_1_39' title='bbox 1228 608 1366 669; x_wconf 87' lang='lat' dir='ltr'>tribuunt</span> <span class='ocrx_word' id='word_1_40' title='bbox 1391 605 1557 669; x_wconf 77' lang='lat' dir='ltr'><strong><em>conciones</em></strong></span> <span class='ocrx_word' id='word_1_41' title='bbox 1585 616 1617 670; x_wconf 90' lang='lat' dir='ltr'>et</span> <span class='ocrx_word' id='word_1_42' title='bbox 1634 607 1666 670; x_wconf 79' lang='lat' dir='ltr'>de</span> 
     </span>
     <span class='ocr_line' id='line_1_5' title="bbox 181 700 1667 791; baseline -0.003 -21"><span class='ocrx_word' id='word_1_43' title='bbox 181 729 209 791; x_wconf 91' lang='lat' dir='ltr'>p.</span> <span class='ocrx_word' id='word_1_44' title='bbox 220 709 288 772; x_wconf 87' lang='grc'>278.</span> <span class='ocrx_word' id='word_1_45' title='bbox 307 704 365 768; x_wconf 86' lang='grc'>846</span> <span class='ocrx_word' id='word_1_46' title='bbox 383 710 414 765; x_wconf 86' lang='grc'>44</span> <span class='ocrx_word' id='word_1_47' title='bbox 427 701 537 781; x_wconf 83' lang='lat' dir='ltr'>Capito</span> <span class='ocrx_word' id='word_1_48' title='bbox 554 702 612 776; x_wconf 86' lang='lat' dir='ltr'>XV,</span> <span class='ocrx_word' id='word_1_49' title='bbox 630 701 667 762; x_wconf 90' lang='lat' dir='ltr'>de</span> <span class='ocrx_word' id='word_1_50' title='bbox 679 702 811 765; x_wconf 87' lang='lat' dir='ltr'>remedio</span> <span class='ocrx_word' id='word_1_51' title='bbox 826 720 895 784; x_wconf 90' lang='lat' dir='ltr'>pec-</span> <span class='ocrx_word' id='word_1_52' title='bbox 951 700 1061 764; x_wconf 82' lang='lat' dir='ltr'>ritibus</span> <span class='ocrx_word' id='word_1_53' title='bbox 1089 700 1312 766; x_wconf 72' lang='lat' dir='ltr'>catholicorum</span> <span class='ocrx_word' id='word_1_54' title='bbox 1337 701 1473 775; x_wconf 89' lang='lat' dir='ltr'>librum,</span> <span class='ocrx_word' id='word_1_55' title='bbox 1502 706 1608 764; x_wconf 90' lang='lat' dir='ltr'>nescio</span> <span class='ocrx_word' id='word_1_56' title='bbox 1633 722 1667 765; x_wconf 89' lang='grc'>44</span> 
     </span>
     <span class='ocr_line' id='line_1_6' title="bbox 180 795 1672 878; baseline -0.004 -14"><span class='ocrx_word' id='word_1_57' title='bbox 180 810 325 876; x_wconf 88' lang='lat' dir='ltr'>catorum,</span> <span class='ocrx_word' id='word_1_58' title='bbox 341 815 417 878; x_wconf 86' lang='lat' dir='ltr'>quae</span> <span class='ocrx_word' id='word_1_59' title='bbox 430 797 468 857; x_wconf 92' lang='lat' dir='ltr'>ibi</span> <span class='ocrx_word' id='word_1_60' title='bbox 487 814 514 875; x_wconf 93' lang='lat' dir='ltr'>p.</span> <span class='ocrx_word' id='word_1_61' title='bbox 528 797 663 857; x_wconf 86' lang='grc'>284-288</span> <span class='ocrx_word' id='word_1_62' title='bbox 677 797 735 857; x_wconf 89' lang='grc'>4444</span> <span class='ocrx_word' id='word_1_63' title='bbox 745 798 858 858; x_wconf 84' lang='lat' dir='ltr'>BEDAE</span> <span class='ocrx_word' id='word_1_64' title='bbox 869 798 895 871; x_wconf 85' lang='lat' dir='ltr'>a)</span> <span class='ocrx_word' id='word_1_65' title='bbox 952 795 1173 859; x_wconf 82' lang='lat' dir='ltr'>contundentes</span> <span class='ocrx_word' id='word_1_66' title='bbox 1195 797 1280 858; x_wconf 92' lang='lat' dir='ltr'>illum</span> <span class='ocrx_word' id='word_1_67' title='bbox 1305 813 1376 856; x_wconf 89' lang='lat' dir='ltr'>eum</span> <span class='ocrx_word' id='word_1_68' title='bbox 1399 798 1551 877; x_wconf 85' lang='lat' dir='ltr'>Episcopo</span> <span class='ocrx_word' id='word_1_69' title='bbox 1577 797 1672 860; x_wconf 86' lang='lat' dir='ltr'>Lindi-</span> 
     </span>
     <span class='ocr_line' id='line_1_7' title="bbox 181 888 1113 970; baseline -0.008 -14"><span class='ocrx_word' id='word_1_70' title='bbox 181 896 301 956; x_wconf 89' lang='lat' dir='ltr'>nomine</span> <span class='ocrx_word' id='word_1_71' title='bbox 332 892 495 970; x_wconf 81' lang='lat' dir='ltr'>leguntur,</span> <span class='ocrx_word' id='word_1_72' title='bbox 527 896 559 950; x_wconf 92' lang='lat' dir='ltr'>et</span> <span class='ocrx_word' id='word_1_73' title='bbox 587 890 615 949; x_wconf 89' lang='lat' dir='ltr'>in</span> <span class='ocrx_word' id='word_1_74' title='bbox 647 888 770 950; x_wconf 81' lang='lat' dir='ltr'><strong>Antonii</strong></span> <span class='ocrx_word' id='word_1_75' title='bbox 795 889 898 969; x_wconf 82' lang='lat' dir='ltr'>Augu·</span> <span class='ocrx_word' id='word_1_76' title='bbox 952 891 1113 953; x_wconf 83' lang='lat' dir='ltr'>siarnensi.</span> 
     </span>
     <span class='ocr_line' id='line_1_8' title="bbox 181 983 1674 1062; baseline -0.002 -12"><span class='ocrx_word' id='word_1_77' title='bbox 181 984 896 1061; x_wconf 87' lang='lat' dir='ltr'>stinicollectionelibellorumPoenitentialium,</span> <span class='ocrx_word' id='word_1_78' title='bbox 991 985 1211 1062; x_wconf 83' lang='lat' dir='ltr'>ECBERTUS,</span> <span class='ocrx_word' id='word_1_79' title='bbox 1230 984 1366 1046; x_wconf 84' lang='lat' dir='ltr'>Clericus</span> <span class='ocrx_word' id='word_1_80' title='bbox 1393 983 1587 1062; x_wconf 70' lang='grc'>4446444444,</span> <span class='ocrx_word' id='word_1_81' title='bbox 1605 987 1674 1047; x_wconf 89' lang='lat' dir='ltr'>scri-</span> 
     </span>
     <span class='ocr_line' id='line_1_9' title="bbox 181 1077 1673 1161; baseline -0.003 -16"><span class='ocrx_word' id='word_1_82' title='bbox 181 1086 348 1145; x_wconf 85' lang='lat' dir='ltr'>Tarracone</span> <span class='ocrx_word' id='word_1_83' title='bbox 361 1081 449 1154; x_wconf 89' lang='grc'>4682,</span> <span class='ocrx_word' id='word_1_84' title='bbox 463 1080 489 1138; x_wconf 92' lang='grc'>4.</span> <span class='ocrx_word' id='word_1_85' title='bbox 505 1085 537 1138; x_wconf 89' lang='grc'>44</span> <span class='ocrx_word' id='word_1_86' title='bbox 549 1078 684 1138; x_wconf 89' lang='lat' dir='ltr'>Venetiis</span> <span class='ocrx_word' id='word_1_87' title='bbox 699 1077 787 1153; x_wconf 85' lang='grc'>4684,</span> <span class='ocrx_word' id='word_1_88' title='bbox 803 1079 829 1161; x_wconf 66' lang='lat' dir='ltr'>d.</span> <span class='ocrx_word' id='word_1_89' title='bbox 841 1093 897 1138; x_wconf 90' lang='lat' dir='ltr'>nec</span> <span class='ocrx_word' id='word_1_90' title='bbox 934 1079 1011 1161; x_wconf 91' lang='lat' dir='ltr'>psit</span> <span class='ocrx_word' id='word_1_91' title='bbox 1027 1084 1106 1139; x_wconf 90' lang='lat' dir='ltr'>teste</span> <span class='ocrx_word' id='word_1_92' title='bbox 1123 1078 1278 1156; x_wconf 82' lang='lat' dir='ltr'>sigeberto</span> <span class='ocrx_word' id='word_1_93' title='bbox 1290 1094 1356 1157; x_wconf 89' lang='lat' dir='ltr'>cap.</span> <span class='ocrx_word' id='word_1_94' title='bbox 1374 1079 1444 1140; x_wconf 90' lang='grc'>446.</span> <span class='ocrx_word' id='word_1_95' title='bbox 1461 1079 1590 1141; x_wconf 82' lang='lat' dir='ltr'>metrico</span> <span class='ocrx_word' id='word_1_96' title='bbox 1602 1078 1673 1161; x_wconf 75' lang='lat' dir='ltr'>stylo</span> 
     </span>
     <span class='ocr_line' id='line_1_10' title="bbox 182 1169 1675 1255; baseline -0.003 -17"><span class='ocrx_word' id='word_1_97' title='bbox 182 1194 241 1238; x_wconf 91' lang='lat' dir='ltr'>non</span> <span class='ocrx_word' id='word_1_98' title='bbox 257 1179 335 1236; x_wconf 90' lang='lat' dir='ltr'>inter</span> <span class='ocrx_word' id='word_1_99' title='bbox 348 1172 446 1235; x_wconf 87' lang='lat' dir='ltr'>Bedae</span> <span class='ocrx_word' id='word_1_100' title='bbox 463 1188 554 1251; x_wconf 87' lang='lat' dir='ltr'>opera</span> <span class='ocrx_word' id='word_1_101' title='bbox 570 1178 642 1231; x_wconf 89' lang='lat' dir='ltr'>tom.</span> <span class='ocrx_word' id='word_1_102' title='bbox 661 1171 740 1232; x_wconf 82' lang='lat' dir='ltr'>vlu.-</span> <span class='ocrx_word' id='word_1_103' title='bbox 755 1188 820 1250; x_wconf 85' lang='lat' dir='ltr'><strong>pag.</strong></span> <span class='ocrx_word' id='word_1_104' title='bbox 838 1171 891 1232; x_wconf 87' lang='grc'>964</span> <span class='ocrx_word' id='word_1_105' title='bbox 951 1170 988 1232; x_wconf 80' lang='lat' dir='ltr'>de</span> <span class='ocrx_word' id='word_1_106' title='bbox 1004 1169 1226 1250; x_wconf 82' lang='lat' dir='ltr'>AEnigmatibus</span> <span class='ocrx_word' id='word_1_107' title='bbox 1252 1174 1415 1233; x_wconf 84' lang='lat' dir='ltr'><strong>rusticanis</strong></span> <span class='ocrx_word' id='word_1_108' title='bbox 1443 1170 1560 1234; x_wconf 83' lang='lat' dir='ltr'>librum</span> <span class='ocrx_word' id='word_1_109' title='bbox 1578 1174 1675 1255; x_wconf 84' lang='lat' dir='ltr'>primo</span> 
     </span>
     <span class='ocr_line' id='line_1_11' title="bbox 182 1263 1675 1348; baseline -0.003 -16"><span class='ocrx_word' id='word_1_110' title='bbox 182 1277 273 1348; x_wconf 82' lang='lat' dir='ltr'>atque</span> <span class='ocrx_word' id='word_1_111' title='bbox 289 1271 318 1328; x_wconf 92' lang='lat' dir='ltr'>in</span> <span class='ocrx_word' id='word_1_112' title='bbox 336 1267 536 1330; x_wconf 78' lang='lat' dir='ltr'>Consiliorum</span> <span class='ocrx_word' id='word_1_113' title='bbox 547 1265 659 1342; x_wconf 84' lang='lat' dir='ltr'>Tomis,</span> <span class='ocrx_word' id='word_1_114' title='bbox 671 1266 800 1327; x_wconf 88' lang='lat' dir='ltr'>Ecberto</span> <span class='ocrx_word' id='word_1_115' title='bbox 812 1265 896 1343; x_wconf 90' lang='lat' dir='ltr'>huic,</span> <span class='ocrx_word' id='word_1_116' title='bbox 953 1263 1091 1342; x_wconf 78' lang='grc'>6444444,</span> <span class='ocrx_word' id='word_1_117' title='bbox 1104 1263 1310 1345; x_wconf 68' lang='lat' dir='ltr'>redempturo</span> <span class='ocrx_word' id='word_1_118' title='bbox 1323 1264 1471 1329; x_wconf 65' lang='lat' dir='ltr'>mononis</span> <span class='ocrx_word' id='word_1_119' title='bbox 1486 1271 1589 1328; x_wconf 85' lang='lat' dir='ltr'>tenore</span> <span class='ocrx_word' id='word_1_120' title='bbox 1602 1267 1675 1330; x_wconf 78' lang='lat' dir='ltr'>scri·</span> 
     </span>
     <span class='ocr_line' id='line_1_12' title="bbox 180 1357 1676 1442; baseline -0.002 -17"><span class='ocrx_word' id='word_1_121' title='bbox 180 1381 240 1442; x_wconf 93' lang='lat' dir='ltr'>quo</span> <span class='ocrx_word' id='word_1_122' title='bbox 254 1362 393 1441; x_wconf 83' lang='lat' dir='ltr'>Magistro</span> <span class='ocrx_word' id='word_1_123' title='bbox 410 1360 572 1439; x_wconf 80' lang='lat' dir='ltr'>profecisse</span> <span class='ocrx_word' id='word_1_124' title='bbox 584 1374 617 1419; x_wconf 88' lang='lat' dir='ltr'>se</span> <span class='ocrx_word' id='word_1_125' title='bbox 629 1359 781 1437; x_wconf 89' lang='lat' dir='ltr'>praedicat</span> <span class='ocrx_word' id='word_1_126' title='bbox 797 1358 899 1419; x_wconf 80' lang='lat' dir='ltr'>dicut·</span> <span class='ocrx_word' id='word_1_127' title='bbox 948 1357 1014 1440; x_wconf 82' lang='lat' dir='ltr'>psit</span> <span class='ocrx_word' id='word_1_128' title='bbox 1030 1358 1066 1420; x_wconf 83' lang='lat' dir='ltr'>de</span> <span class='ocrx_word' id='word_1_129' title='bbox 1087 1357 1190 1420; x_wconf 81' lang='lat' dir='ltr'>endem</span> <span class='ocrx_word' id='word_1_130' title='bbox 1206 1376 1242 1418; x_wconf 83' lang='lat' dir='ltr'>re</span> <span class='ocrx_word' id='word_1_131' title='bbox 1265 1358 1388 1420; x_wconf 76' lang='lat' dir='ltr'><em>metrice</em></span> <span class='ocrx_word' id='word_1_132' title='bbox 1413 1357 1549 1420; x_wconf 80' lang='lat' dir='ltr'>alterurn</span> <span class='ocrx_word' id='word_1_133' title='bbox 1568 1358 1676 1422; x_wconf 78' lang='grc'>44444444</span> 
     </span>
     <span class='ocr_line' id='line_1_13' title="bbox 181 1451 1676 1534; baseline -0.001 -17"><span class='ocrx_word' id='word_1_134' title='bbox 181 1472 252 1533; x_wconf 91' lang='lat' dir='ltr'>nus,</span> <span class='ocrx_word' id='word_1_135' title='bbox 270 1456 297 1530; x_wconf 88' lang='lat' dir='ltr'>b)</span> <span class='ocrx_word' id='word_1_136' title='bbox 316 1452 475 1514; x_wconf 92' lang='lat' dir='ltr'>tribuenda</span> <span class='ocrx_word' id='word_1_137' title='bbox 491 1459 620 1532; x_wconf 84' lang='lat' dir='ltr'><strong>possunt</strong></span> <span class='ocrx_word' id='word_1_138' title='bbox 637 1453 742 1513; x_wconf 88' lang='lat' dir='ltr'>videri.</span> <span class='ocrx_word' id='word_1_139' title='bbox 759 1451 853 1524; x_wconf 83' lang='lat' dir='ltr'>Vide,</span> <span class='ocrx_word' id='word_1_140' title='bbox 871 1453 898 1511; x_wconf 87' lang='lat' dir='ltr'>si</span> <span class='ocrx_word' id='word_1_141' title='bbox 952 1451 1310 1534; x_wconf 80' lang='lat' dir='ltr'>majusculumEademe</span> <span class='ocrx_word' id='word_1_142' title='bbox 1323 1453 1483 1531; x_wconf 83' lang='lat' dir='ltr'>sigeberto</span> <span class='ocrx_word' id='word_1_143' title='bbox 1494 1455 1676 1516; x_wconf 86' lang='lat' dir='ltr'>Trithemius</span> 
     </span>
     <span class='ocr_line' id='line_1_14' title="bbox 181 1536 1675 1629; baseline 0 -19"><span class='ocrx_word' id='word_1_144' title='bbox 181 1550 298 1629; x_wconf 85' lang='lat' dir='ltr'>placet,</span> <span class='ocrx_word' id='word_1_145' title='bbox 313 1553 415 1608; x_wconf 91' lang='lat' dir='ltr'>notata</span> <span class='ocrx_word' id='word_1_146' title='bbox 432 1553 505 1607; x_wconf 93' lang='lat' dir='ltr'>tom.</span> <span class='ocrx_word' id='word_1_147' title='bbox 519 1547 571 1608; x_wconf 86' lang='lat' dir='ltr'>Xl.</span> <span class='ocrx_word' id='word_1_148' title='bbox 590 1536 790 1608; x_wconf 69' lang='lat' dir='ltr'>Bibliothecae</span> <span class='ocrx_word' id='word_1_149' title='bbox 807 1545 899 1606; x_wconf 89' lang='lat' dir='ltr'>Grae·</span> <span class='ocrx_word' id='word_1_150' title='bbox 953 1563 1018 1626; x_wconf 89' lang='lat' dir='ltr'>cap.</span> <span class='ocrx_word' id='word_1_151' title='bbox 1035 1547 1103 1609; x_wconf 87' lang='grc'>336.</span> <span class='ocrx_word' id='word_1_152' title='bbox 1118 1547 1169 1624; x_wconf 89' lang='lat' dir='ltr'>qui</span> <span class='ocrx_word' id='word_1_153' title='bbox 1187 1552 1318 1606; x_wconf 88' lang='lat' dir='ltr'>testatur</span> <span class='ocrx_word' id='word_1_154' title='bbox 1334 1547 1415 1607; x_wconf 89' lang='lat' dir='ltr'>circa</span> <span class='ocrx_word' id='word_1_155' title='bbox 1441 1546 1571 1610; x_wconf 82' lang='lat' dir='ltr'>Annum</span> <span class='ocrx_word' id='word_1_156' title='bbox 1592 1547 1675 1611; x_wconf 87' lang='grc'>4969.</span> 
     </span>
     <span class='ocr_line' id='line_1_15' title="bbox 182 1639 1101 1722; baseline -0.002 -19"><span class='ocrx_word' id='word_1_157' title='bbox 182 1659 234 1703; x_wconf 88' lang='lat' dir='ltr'>cae</span> <span class='ocrx_word' id='word_1_158' title='bbox 253 1659 317 1722; x_wconf 84' lang='lat' dir='ltr'>pag.</span> <span class='ocrx_word' id='word_1_159' title='bbox 330 1640 379 1718; x_wconf 92' lang='grc'>74,</span> <span class='ocrx_word' id='word_1_160' title='bbox 393 1656 457 1717; x_wconf 89' lang='lat' dir='ltr'>seq.</span> <span class='ocrx_word' id='word_1_161' title='bbox 472 1640 587 1700; x_wconf 88' lang='lat' dir='ltr'>Omitto</span> <span class='ocrx_word' id='word_1_162' title='bbox 605 1645 769 1701; x_wconf 89' lang='lat' dir='ltr'>memorata</span> <span class='ocrx_word' id='word_1_163' title='bbox 783 1639 899 1699; x_wconf 79' lang='lat' dir='ltr'>analeo</span> <span class='ocrx_word' id='word_1_164' title='bbox 953 1643 1101 1704; x_wconf 83' lang='lat' dir='ltr'>floruisse.</span> 
     </span>
     <span class='ocr_line' id='line_1_16' title="bbox 184 1732 1676 1819; baseline 0.002 -22"><span class='ocrx_word' id='word_1_165' title='bbox 184 1738 228 1807; x_wconf 87' lang='grc'>44,</span> <span class='ocrx_word' id='word_1_166' title='bbox 247 1739 285 1797; x_wconf 87' lang='grc'>46</span> <span class='ocrx_word' id='word_1_167' title='bbox 310 1742 340 1795; x_wconf 86' lang='grc'>44</span> <span class='ocrx_word' id='word_1_168' title='bbox 367 1736 467 1794; x_wconf 89' lang='lat' dir='ltr'>Pitseo</span> <span class='ocrx_word' id='word_1_169' title='bbox 484 1749 550 1812; x_wconf 83' lang='lat' dir='ltr'>pag.</span> <span class='ocrx_word' id='word_1_170' title='bbox 569 1734 638 1796; x_wconf 83' lang='grc'>464.</span> <span class='ocrx_word' id='word_1_171' title='bbox 665 1733 828 1805; x_wconf 85' lang='grc'>4444444444,</span> <span class='ocrx_word' id='word_1_172' title='bbox 846 1734 902 1793; x_wconf 87' lang='grc'>44-</span> <span class='ocrx_word' id='word_1_173' title='bbox 997 1735 1200 1798; x_wconf 83' lang='lat' dir='ltr'>EGBERTUS</span> <span class='ocrx_word' id='word_1_174' title='bbox 1226 1732 1486 1818; x_wconf 68' lang='lat' dir='ltr'>lindufarnensis</span> <span class='ocrx_word' id='word_1_175' title='bbox 1515 1739 1676 1819; x_wconf 73' lang='lat' dir='ltr'>Episcopus</span> 
     </span>
     <span class='ocr_line' id='line_1_17' title="bbox 182 1826 1671 1912; baseline 0.001 -21"><span class='ocrx_word' id='word_1_176' title='bbox 182 1831 298 1892; x_wconf 88' lang='lat' dir='ltr'>ctiones</span> <span class='ocrx_word' id='word_1_177' title='bbox 312 1828 349 1889; x_wconf 92' lang='lat' dir='ltr'>ad</span> <span class='ocrx_word' id='word_1_178' title='bbox 361 1826 544 1888; x_wconf 90' lang='lat' dir='ltr'>erudiendos</span> <span class='ocrx_word' id='word_1_179' title='bbox 558 1826 731 1906; x_wconf 89' lang='lat' dir='ltr'>discipulos,</span> <span class='ocrx_word' id='word_1_180' title='bbox 745 1826 783 1888; x_wconf 95' lang='lat' dir='ltr'>ad</span> <span class='ocrx_word' id='word_1_181' title='bbox 800 1829 903 1887; x_wconf 77' lang='grc'>44444-</span> <span class='ocrx_word' id='word_1_182' title='bbox 954 1828 1056 1892; x_wconf 84' lang='lat' dir='ltr'>abhn.</span> <span class='ocrx_word' id='word_1_183' title='bbox 1070 1829 1138 1890; x_wconf 89' lang='grc'>892.</span> <span class='ocrx_word' id='word_1_184' title='bbox 1153 1826 1189 1888; x_wconf 90' lang='grc'>46</span> <span class='ocrx_word' id='word_1_185' title='bbox 1200 1829 1253 1890; x_wconf 90' lang='grc'>824</span> <span class='ocrx_word' id='word_1_186' title='bbox 1262 1872 1270 1888; x_wconf 92' lang='grc'>.</span> <span class='ocrx_word' id='word_1_187' title='bbox 1280 1828 1355 1889; x_wconf 83' lang='lat' dir='ltr'>Vide</span> <span class='ocrx_word' id='word_1_188' title='bbox 1367 1829 1531 1892; x_wconf 88' lang='lat' dir='ltr'>Warthoui</span> <span class='ocrx_word' id='word_1_189' title='bbox 1542 1831 1671 1912; x_wconf 77' lang='lat' dir='ltr'>hugtiam</span> 
     </span>
     <span class='ocr_line' id='line_1_18' title="bbox 182 1919 1669 2002; baseline 0.001 -17"><span class='ocrx_word' id='word_1_190' title='bbox 182 1941 233 1985; x_wconf 89' lang='lat' dir='ltr'>res</span> <span class='ocrx_word' id='word_1_191' title='bbox 250 1923 424 1983; x_wconf 83' lang='lat' dir='ltr'>Provinciae</span> <span class='ocrx_word' id='word_1_192' title='bbox 439 1936 522 1982; x_wconf 86' lang='lat' dir='ltr'>suae:</span> <span class='ocrx_word' id='word_1_193' title='bbox 540 1919 586 1981; x_wconf 79' lang='lat' dir='ltr'>Ad</span> <span class='ocrx_word' id='word_1_194' title='bbox 604 1921 774 1982; x_wconf 82' lang='lat' dir='ltr'>Zachariam</span> <span class='ocrx_word' id='word_1_195' title='bbox 787 1921 900 2000; x_wconf 82' lang='lat' dir='ltr'>Papam</span> <span class='ocrx_word' id='word_1_196' title='bbox 955 1940 1072 1986; x_wconf 88' lang='lat' dir='ltr'>sacram</span> <span class='ocrx_word' id='word_1_197' title='bbox 1091 1927 1162 1982; x_wconf 91' lang='lat' dir='ltr'>tom.</span> <span class='ocrx_word' id='word_1_198' title='bbox 1181 1925 1209 1994; x_wconf 89' lang='grc'>4,</span> <span class='ocrx_word' id='word_1_199' title='bbox 1223 1939 1291 2002; x_wconf 84' lang='lat' dir='ltr'>pag.</span> <span class='ocrx_word' id='word_1_200' title='bbox 1305 1924 1373 1984; x_wconf 89' lang='grc'>698.</span> <span class='ocrx_word' id='word_1_201' title='bbox 1390 1925 1511 1986; x_wconf 88' lang='lat' dir='ltr'>Nonad</span> <span class='ocrx_word' id='word_1_202' title='bbox 1523 1920 1669 2002; x_wconf 80' lang='lat' dir='ltr'>brino,sed</span> 
     </span>
     <span class='ocr_line' id='line_1_19' title="bbox 182 2012 1670 2099; baseline 0.001 -20"><span class='ocrx_word' id='word_1_203' title='bbox 182 2035 236 2099; x_wconf 87' lang='lat' dir='ltr'>pro</span> <span class='ocrx_word' id='word_1_204' title='bbox 253 2014 445 2097; x_wconf 88' lang='lat' dir='ltr'>pallio‚quod</span> <span class='ocrx_word' id='word_1_205' title='bbox 462 2013 715 2093; x_wconf 70' lang='lat' dir='ltr'>compunctos</span> <span class='ocrx_word' id='word_1_206' title='bbox 730 2012 799 2074; x_wconf 89' lang='lat' dir='ltr'>vide</span> <span class='ocrx_word' id='word_1_207' title='bbox 814 2013 902 2073; x_wconf 82' lang='grc'>4444-</span> <span class='ocrx_word' id='word_1_208' title='bbox 955 2017 992 2079; x_wconf 90' lang='grc'>46</span> <span class='ocrx_word' id='word_1_209' title='bbox 1012 2017 1232 2078; x_wconf 90' lang='lat' dir='ltr'>Eboracensem</span> <span class='ocrx_word' id='word_1_210' title='bbox 1259 2015 1425 2078; x_wconf 90' lang='lat' dir='ltr'>Ecbertum</span> <span class='ocrx_word' id='word_1_211' title='bbox 1452 2018 1670 2099; x_wconf 76' lang='lat' dir='ltr'>scripsittteda</span> 
     </span>
     <span class='ocr_line' id='line_1_20' title="bbox 181 2104 1672 2191; baseline -0.001 -18"><span class='ocrx_word' id='word_1_212' title='bbox 181 2112 308 2174; x_wconf 90' lang='lat' dir='ltr'>thonum</span> <span class='ocrx_word' id='word_1_213' title='bbox 326 2117 398 2172; x_wconf 91' lang='lat' dir='ltr'>tom.</span> <span class='ocrx_word' id='word_1_214' title='bbox 415 2112 443 2170; x_wconf 94' lang='grc'>4.</span> <span class='ocrx_word' id='word_1_215' title='bbox 469 2108 596 2188; x_wconf 80' lang='lat' dir='ltr'>hugliae</span> <span class='ocrx_word' id='word_1_216' title='bbox 621 2108 730 2169; x_wconf 87' lang='lat' dir='ltr'>Sacrae</span> <span class='ocrx_word' id='word_1_217' title='bbox 748 2125 814 2186; x_wconf 83' lang='lat' dir='ltr'>pag.</span> <span class='ocrx_word' id='word_1_218' title='bbox 833 2104 901 2167; x_wconf 88' lang='grc'>697.</span> <span class='ocrx_word' id='word_1_219' title='bbox 955 2111 1122 2191; x_wconf 85' lang='lat' dir='ltr'>Epistulam</span> <span class='ocrx_word' id='word_1_220' title='bbox 1138 2110 1176 2171; x_wconf 89' lang='lat' dir='ltr'>de</span> <span class='ocrx_word' id='word_1_221' title='bbox 1201 2110 1352 2172; x_wconf 88' lang='lat' dir='ltr'>Praesulis</span> <span class='ocrx_word' id='word_1_222' title='bbox 1369 2111 1538 2174; x_wconf 83' lang='lat' dir='ltr'>Christiani</span> <span class='ocrx_word' id='word_1_223' title='bbox 1564 2113 1672 2174; x_wconf 81' lang='lat' dir='ltr'>officio:</span> 
     </span>
     <span class='ocr_line' id='line_1_21' title="bbox 182 2201 1676 2285; baseline 0.001 -19"><span class='ocrx_word' id='word_1_224' title='bbox 182 2205 333 2284; x_wconf 85' lang='lat' dir='ltr'>Epistulas</span> <span class='ocrx_word' id='word_1_225' title='bbox 350 2203 387 2265; x_wconf 89' lang='lat' dir='ltr'>ad</span> <span class='ocrx_word' id='word_1_226' title='bbox 405 2205 529 2264; x_wconf 85' lang='lat' dir='ltr'>tratrem</span> <span class='ocrx_word' id='word_1_227' title='bbox 554 2218 644 2263; x_wconf 91' lang='lat' dir='ltr'>suum</span> <span class='ocrx_word' id='word_1_228' title='bbox 666 2201 833 2281; x_wconf 83' lang='lat' dir='ltr'>Egbertum</span> <span class='ocrx_word' id='word_1_229' title='bbox 848 2203 904 2262; x_wconf 84' lang='grc'>444-</span> <span class='ocrx_word' id='word_1_230' title='bbox 958 2207 1060 2282; x_wconf 88' lang='lat' dir='ltr'>itaque</span> <span class='ocrx_word' id='word_1_231' title='bbox 1076 2205 1282 2265; x_wconf 90' lang='lat' dir='ltr'>commentitia</span> <span class='ocrx_word' id='word_1_232' title='bbox 1296 2210 1370 2265; x_wconf 90' lang='lat' dir='ltr'>sunt</span> <span class='ocrx_word' id='word_1_233' title='bbox 1385 2204 1625 2285; x_wconf 75' lang='lat' dir='ltr'>Gratificotr&#39;onis</span> <span class='ocrx_word' id='word_1_234' title='bbox 1639 2203 1676 2267; x_wconf 86' lang='grc'>46</span> 
     </span>
     <span class='ocr_line' id='line_1_22' title="bbox 184 2295 1681 2380; baseline 0 -20"><span class='ocrx_word' id='word_1_235' title='bbox 184 2315 272 2380; x_wconf 82' lang='lat' dir='ltr'>gem,</span> <span class='ocrx_word' id='word_1_236' title='bbox 290 2296 328 2359; x_wconf 91' lang='grc'>46</span> <span class='ocrx_word' id='word_1_237' title='bbox 345 2295 509 2358; x_wconf 77' lang='grc'>6444444444</span> <span class='ocrx_word' id='word_1_238' title='bbox 527 2302 585 2356; x_wconf 91' lang='grc'>444.</span> <span class='ocrx_word' id='word_1_239' title='bbox 957 2299 1069 2362; x_wconf 88' lang='lat' dir='ltr'>Bedam</span> <span class='ocrx_word' id='word_1_240' title='bbox 1086 2313 1249 2376; x_wconf 74' lang='lat' dir='ltr'>retportsn,</span> <span class='ocrx_word' id='word_1_241' title='bbox 1264 2315 1341 2376; x_wconf 91' lang='lat' dir='ltr'>quae</span> <span class='ocrx_word' id='word_1_242' title='bbox 1353 2297 1424 2360; x_wconf 89' lang='lat' dir='ltr'>huic</span> <span class='ocrx_word' id='word_1_243' title='bbox 1441 2301 1574 2361; x_wconf 90' lang='lat' dir='ltr'>Ecberto</span> <span class='ocrx_word' id='word_1_244' title='bbox 1589 2299 1681 2360; x_wconf 79' lang='lat' dir='ltr'>tribu-</span> 
     </span>
     <span class='ocr_line' id='line_1_23' title="bbox 224 2389 1671 2474; baseline 0.001 -22"><span class='ocrx_word' id='word_1_245' title='bbox 224 2392 479 2470; x_wconf 70' lang='lat' dir='ltr'>*Excerptiones</span> <span class='ocrx_word' id='word_1_246' title='bbox 505 2389 627 2450; x_wconf 88' lang='lat' dir='ltr'>Eoberti</span> <span class='ocrx_word' id='word_1_247' title='bbox 660 2395 780 2469; x_wconf 88' lang='lat' dir='ltr'>praeter</span> <span class='ocrx_word' id='word_1_248' title='bbox 803 2389 906 2468; x_wconf 86' lang='lat' dir='ltr'>Speel-</span> <span class='ocrx_word' id='word_1_249' title='bbox 959 2399 1017 2454; x_wconf 90' lang='lat' dir='ltr'>unt</span> <span class='ocrx_word' id='word_1_250' title='bbox 1033 2393 1143 2453; x_wconf 82' lang='lat' dir='ltr'>baleus</span> <span class='ocrx_word' id='word_1_251' title='bbox 1164 2391 1200 2451; x_wconf 93' lang='grc'>44.</span> <span class='ocrx_word' id='word_1_252' title='bbox 1226 2392 1253 2451; x_wconf 91' lang='grc'>4.</span> <span class='ocrx_word' id='word_1_253' title='bbox 1275 2397 1307 2452; x_wconf 86' lang='grc'>44</span> <span class='ocrx_word' id='word_1_254' title='bbox 1322 2393 1444 2454; x_wconf 88' lang='lat' dir='ltr'>Pitseus</span> <span class='ocrx_word' id='word_1_255' title='bbox 1461 2410 1530 2474; x_wconf 85' lang='lat' dir='ltr'>pag.</span> <span class='ocrx_word' id='word_1_256' title='bbox 1549 2392 1614 2456; x_wconf 89' lang='grc'>427.</span> <span class='ocrx_word' id='word_1_257' title='bbox 1632 2393 1671 2453; x_wconf 85' lang='lat' dir='ltr'>Er</span> 
     </span>
     <span class='ocr_line' id='line_1_24' title="bbox 185 2482 1669 2564; baseline 0.001 -18"><span class='ocrx_word' id='word_1_258' title='bbox 185 2502 331 2546; x_wconf 85' lang='lat' dir='ltr'>mannum</span> <span class='ocrx_word' id='word_1_259' title='bbox 359 2490 553 2560; x_wconf 85' lang='lat' dir='ltr'>caeterosque</span> <span class='ocrx_word' id='word_1_260' title='bbox 584 2483 748 2543; x_wconf 90' lang='lat' dir='ltr'>novissime</span> <span class='ocrx_word' id='word_1_261' title='bbox 782 2482 908 2542; x_wconf 85' lang='lat' dir='ltr'>Wilkin-</span> <span class='ocrx_word' id='word_1_262' title='bbox 960 2486 1058 2549; x_wconf 88' lang='lat' dir='ltr'>Bedae</span> <span class='ocrx_word' id='word_1_263' title='bbox 1071 2485 1204 2564; x_wconf 85' lang='lat' dir='ltr'>Epistola</span> <span class='ocrx_word' id='word_1_264' title='bbox 1219 2486 1544 2564; x_wconf 80' lang='lat' dir='ltr'>etiamputosumtam</span> <span class='ocrx_word' id='word_1_265' title='bbox 1555 2487 1669 2549; x_wconf 84' lang='lat' dir='ltr'>occasio·</span> 
     </span>
     <span class='ocr_line' id='line_1_25' title="bbox 185 2576 1665 2660; baseline 0 -20"><span class='ocrx_word' id='word_1_266' title='bbox 185 2580 250 2641; x_wconf 88' lang='lat' dir='ltr'>sius</span> <span class='ocrx_word' id='word_1_267' title='bbox 268 2580 297 2637; x_wconf 91' lang='lat' dir='ltr'>in</span> <span class='ocrx_word' id='word_1_268' title='bbox 315 2594 371 2638; x_wconf 90' lang='lat' dir='ltr'>sua</span> <span class='ocrx_word' id='word_1_269' title='bbox 384 2576 560 2637; x_wconf 88' lang='lat' dir='ltr'>collectione</span> <span class='ocrx_word' id='word_1_270' title='bbox 575 2577 774 2639; x_wconf 83' lang='lat' dir='ltr'>Consiliorum</span> <span class='ocrx_word' id='word_1_271' title='bbox 791 2578 909 2637; x_wconf 89' lang='lat' dir='ltr'>Britan·</span> <span class='ocrx_word' id='word_1_272' title='bbox 961 2597 1049 2655; x_wconf 90' lang='lat' dir='ltr'>nem,</span> <span class='ocrx_word' id='word_1_273' title='bbox 1064 2576 1145 2659; x_wconf 90' lang='lat' dir='ltr'>quod</span> <span class='ocrx_word' id='word_1_274' title='bbox 1159 2577 1328 2641; x_wconf 89' lang='lat' dir='ltr'>Guilelmus</span> <span class='ocrx_word' id='word_1_275' title='bbox 1342 2580 1589 2660; x_wconf 80' lang='lat' dir='ltr'>bullenusatqne</span> <span class='ocrx_word' id='word_1_276' title='bbox 1601 2579 1665 2640; x_wconf 86' lang='lat' dir='ltr'>iden</span> 
     </span>
     <span class='ocr_line' id='line_1_26' title="bbox 187 2667 1665 2755; baseline 0.003 -24"><span class='ocrx_word' id='word_1_277' title='bbox 187 2670 409 2732; x_wconf 89' lang='grc'>4444464488.</span> <span class='ocrx_word' id='word_1_278' title='bbox 430 2667 549 2731; x_wconf 89' lang='lat' dir='ltr'>codices</span> <span class='ocrx_word' id='word_1_279' title='bbox 576 2677 699 2731; x_wconf 84' lang='lat' dir='ltr'>exactas</span> <span class='ocrx_word' id='word_1_280' title='bbox 719 2670 855 2744; x_wconf 86' lang='lat' dir='ltr'>recudit,</span> <span class='ocrx_word' id='word_1_281' title='bbox 875 2675 907 2728; x_wconf 91' lang='lat' dir='ltr'>et</span> <span class='ocrx_word' id='word_1_282' title='bbox 960 2674 1079 2734; x_wconf 85' lang='lat' dir='ltr'>Pitseus</span> <span class='ocrx_word' id='word_1_283' title='bbox 1104 2689 1173 2733; x_wconf 92' lang='lat' dir='ltr'>cum</span> <span class='ocrx_word' id='word_1_284' title='bbox 1200 2671 1304 2732; x_wconf 88' lang='lat' dir='ltr'>Baleo-</span> <span class='ocrx_word' id='word_1_285' title='bbox 1320 2673 1478 2753; x_wconf 87' lang='lat' dir='ltr'>scribunt,</span> <span class='ocrx_word' id='word_1_286' title='bbox 1505 2674 1665 2755; x_wconf 80' lang='lat' dir='ltr'>finguntque</span> 
     </span>
     <span class='ocr_line' id='line_1_27' title="bbox 187 2761 1665 2848; baseline 0.002 -23"><span class='ocrx_word' id='word_1_287' title='bbox 187 2780 225 2825; x_wconf 83' lang='lat' dir='ltr'>ex</span> <span class='ocrx_word' id='word_1_288' title='bbox 245 2765 305 2826; x_wconf 82' lang='lat' dir='ltr'>MS.</span> <span class='ocrx_word' id='word_1_289' title='bbox 322 2763 486 2824; x_wconf 91' lang='lat' dir='ltr'>Oxoniensi</span> <span class='ocrx_word' id='word_1_290' title='bbox 508 2761 660 2823; x_wconf 85' lang='lat' dir='ltr'>sexdecim</span> <span class='ocrx_word' id='word_1_291' title='bbox 682 2764 756 2824; x_wconf 84' lang='lat' dir='ltr'>alies</span> <span class='ocrx_word' id='word_1_292' title='bbox 772 2761 906 2823; x_wconf 90' lang='lat' dir='ltr'>nondum</span> <span class='ocrx_word' id='word_1_293' title='bbox 958 2766 1121 2828; x_wconf 86' lang='lat' dir='ltr'>Ecbertum</span> <span class='ocrx_word' id='word_1_294' title='bbox 1139 2765 1220 2827; x_wconf 92' lang='lat' dir='ltr'>hunc</span> <span class='ocrx_word' id='word_1_295' title='bbox 1231 2782 1394 2828; x_wconf 88' lang='lat' dir='ltr'>esermone</span> <span class='ocrx_word' id='word_1_296' title='bbox 1410 2769 1518 2829; x_wconf 87' lang='lat' dir='ltr'>Latino</span> <span class='ocrx_word' id='word_1_297' title='bbox 1534 2771 1563 2829; x_wconf 90' lang='lat' dir='ltr'>in</span> <span class='ocrx_word' id='word_1_298' title='bbox 1574 2766 1665 2848; x_wconf 61' lang='grc'>64444</span> 
     </span>
     <span class='ocr_line' id='line_1_28' title="bbox 186 2854 1665 2938; baseline 0.001 -20"><span class='ocrx_word' id='word_1_299' title='bbox 186 2858 293 2919; x_wconf 89' lang='lat' dir='ltr'>alicubi</span> <span class='ocrx_word' id='word_1_300' title='bbox 315 2872 446 2918; x_wconf 84' lang='lat' dir='ltr'>excusas</span> <span class='ocrx_word' id='word_1_301' title='bbox 464 2854 581 2916; x_wconf 89' lang='lat' dir='ltr'>adiecit.</span> <span class='ocrx_word' id='word_1_302' title='bbox 597 2855 671 2917; x_wconf 90' lang='lat' dir='ltr'>Vide</span> <span class='ocrx_word' id='word_1_303' title='bbox 693 2863 766 2918; x_wconf 90' lang='lat' dir='ltr'>tom.</span> <span class='ocrx_word' id='word_1_304' title='bbox 786 2858 817 2933; x_wconf 94' lang='lat' dir='ltr'>l,</span> <span class='ocrx_word' id='word_1_305' title='bbox 839 2872 907 2935; x_wconf 82' lang='lat' dir='ltr'>pag.</span> <span class='ocrx_word' id='word_1_306' title='bbox 960 2860 1137 2922; x_wconf 84' lang='lat' dir='ltr'>saxonicam</span> <span class='ocrx_word' id='word_1_307' title='bbox 1151 2858 1282 2937; x_wconf 83' lang='lat' dir='ltr'>linguam</span> <span class='ocrx_word' id='word_1_308' title='bbox 1297 2860 1577 2938; x_wconf 87' lang='lat' dir='ltr'>pluresBihliorum</span> <span class='ocrx_word' id='word_1_309' title='bbox 1592 2860 1665 2922; x_wconf 86' lang='lat' dir='ltr'>libros</span> 
     </span>
     <span class='ocr_line' id='line_1_29' title="bbox 188 2949 1667 3033; baseline 0.002 -23"><span class='ocrx_word' id='word_1_310' title='bbox 188 2951 220 3013; x_wconf 91' lang='grc'>44</span> <span class='ocrx_word' id='word_1_311' title='bbox 247 2949 344 3012; x_wconf 91' lang='lat' dir='ltr'>eiusd.</span> <span class='ocrx_word' id='word_1_312' title='bbox 361 2949 470 3027; x_wconf 90' lang='lat' dir='ltr'>operis.</span> <span class='ocrx_word' id='word_1_313' title='bbox 961 2953 1179 3014; x_wconf 83' lang='lat' dir='ltr'>vertisseh&#39;am</span> <span class='ocrx_word' id='word_1_314' title='bbox 1191 2959 1226 3014; x_wconf 92' lang='lat' dir='ltr'>ut</span> <span class='ocrx_word' id='word_1_315' title='bbox 1236 2952 1388 3014; x_wconf 89' lang='lat' dir='ltr'>Lelandus</span> <span class='ocrx_word' id='word_1_316' title='bbox 1404 2971 1470 3033; x_wconf 88' lang='lat' dir='ltr'>cap.</span> <span class='ocrx_word' id='word_1_317' title='bbox 1484 2957 1533 3016; x_wconf 87' lang='grc'>86.</span> <span class='ocrx_word' id='word_1_318' title='bbox 1543 2957 1590 3017; x_wconf 88' lang='grc'>444</span> <span class='ocrx_word' id='word_1_319' title='bbox 1600 2958 1667 3015; x_wconf 82' lang='lat' dir='ltr'>recte</span> 
     </span>
     <span class='ocr_line' id='line_1_30' title="bbox 226 3040 1667 3128; baseline 0.001 -23"><span class='ocrx_word' id='word_1_320' title='bbox 226 3042 425 3105; x_wconf 83' lang='lat' dir='ltr'>ECBERTUS</span> <span class='ocrx_word' id='word_1_321' title='bbox 435 3040 674 3123; x_wconf 72' lang='lat' dir='ltr'>heresfeldensis</span> <span class='ocrx_word' id='word_1_322' title='bbox 683 3044 844 3123; x_wconf 83' lang='lat' dir='ltr'>Presbyter</span> <span class='ocrx_word' id='word_1_323' title='bbox 851 3045 909 3104; x_wconf 88' lang='lat' dir='ltr'>cir·</span> <span class='ocrx_word' id='word_1_324' title='bbox 961 3047 1092 3108; x_wconf 91' lang='lat' dir='ltr'>subolnit</span> <span class='ocrx_word' id='word_1_325' title='bbox 1109 3044 1386 3108; x_wconf 83' lang='lat' dir='ltr'>Lindistamensem</span> <span class='ocrx_word' id='word_1_326' title='bbox 1404 3048 1520 3111; x_wconf 87' lang='lat' dir='ltr'>Bedam</span> <span class='ocrx_word' id='word_1_327' title='bbox 1535 3048 1667 3128; x_wconf 80' lang='lat' dir='ltr'>juniorem</span> 
     </span>
     <span class='ocr_line' id='line_1_31' title="bbox 188 3135 1668 3221; baseline 0 -21"><span class='ocrx_word' id='word_1_328' title='bbox 188 3155 223 3200; x_wconf 90' lang='lat' dir='ltr'>ca</span> <span class='ocrx_word' id='word_1_329' title='bbox 243 3138 366 3200; x_wconf 85' lang='lat' dir='ltr'>Annum</span> <span class='ocrx_word' id='word_1_330' title='bbox 386 3135 464 3198; x_wconf 88' lang='grc'>4976</span> <span class='ocrx_word' id='word_1_331' title='bbox 482 3135 519 3197; x_wconf 89' lang='grc'>46</span> <span class='ocrx_word' id='word_1_332' title='bbox 534 3138 733 3217; x_wconf 81' lang='lat' dir='ltr'>hartwigum,</span> <span class='ocrx_word' id='word_1_333' title='bbox 749 3137 907 3215; x_wconf 80' lang='lat' dir='ltr'>hbbatem,</span> <span class='ocrx_word' id='word_1_334' title='bbox 963 3140 1076 3217; x_wconf 82' lang='lat' dir='ltr'>luisse,</span> <span class='ocrx_word' id='word_1_335' title='bbox 1092 3139 1190 3201; x_wconf 81' lang='lat' dir='ltr'>bedae</span> <span class='ocrx_word' id='word_1_336' title='bbox 1217 3140 1383 3218; x_wconf 83' lang='lat' dir='ltr'>Epistulam</span> <span class='ocrx_word' id='word_1_337' title='bbox 1403 3139 1499 3221; x_wconf 81' lang='lat' dir='ltr'>plone</span> <span class='ocrx_word' id='word_1_338' title='bbox 1514 3140 1668 3204; x_wconf 77' lang='grc'>4444444444</span> 
     </span>
     <span class='ocr_line' id='line_1_32' title="bbox 128 3229 1669 3318; baseline 0.001 -23"><span class='ocrx_word' id='word_1_339' title='bbox 128 3289 131 3295; x_wconf 92' lang='grc'>.</span> <span class='ocrx_word' id='word_1_340' title='bbox 188 3233 309 3311; x_wconf 88' lang='lat' dir='ltr'>scripsit</span> <span class='ocrx_word' id='word_1_341' title='bbox 328 3230 423 3293; x_wconf 83' lang='lat' dir='ltr'>Vitam</span> <span class='ocrx_word' id='word_1_342' title='bbox 439 3229 668 3309; x_wconf 67' lang='lat' dir='ltr'>selincurte)</span> <span class='ocrx_word' id='word_1_343' title='bbox 685 3231 855 3309; x_wconf 82' lang='lat' dir='ltr'>Presbyteri</span> <span class='ocrx_word' id='word_1_344' title='bbox 877 3239 909 3292; x_wconf 90' lang='grc'>44</span> <span class='ocrx_word' id='word_1_345' title='bbox 962 3232 1108 3317; x_wconf 76' lang='lat' dir='ltr'>appellat,</span> <span class='ocrx_word' id='word_1_346' title='bbox 1124 3230 1156 3291; x_wconf 84' lang='lat' dir='ltr'>in</span> <span class='ocrx_word' id='word_1_347' title='bbox 1171 3229 1341 3311; x_wconf 69' lang='lat' dir='ltr'>quamcito</span> <span class='ocrx_word' id='word_1_348' title='bbox 1358 3232 1394 3294; x_wconf 87' lang='lat' dir='ltr'>de</span> <span class='ocrx_word' id='word_1_349' title='bbox 1408 3234 1506 3318; x_wconf 75' lang='lat' dir='ltr'>officio</span> <span class='ocrx_word' id='word_1_350' title='bbox 1525 3233 1669 3317; x_wconf 72' lang='lat' dir='ltr'>Episcopi,</span> 
     </span>
     <span class='ocr_line' id='line_1_33' title="bbox 189 3323 1670 3409; baseline 0.001 -21"><span class='ocrx_word' id='word_1_351' title='bbox 189 3327 386 3402; x_wconf 85' lang='lat' dir='ltr'>Coniessoris,</span> <span class='ocrx_word' id='word_1_352' title='bbox 404 3324 538 3385; x_wconf 79' lang='lat' dir='ltr'>defuncti</span> <span class='ocrx_word' id='word_1_353' title='bbox 556 3324 613 3384; x_wconf 78' lang='lat' dir='ltr'>An.</span> <span class='ocrx_word' id='word_1_354' title='bbox 634 3325 711 3386; x_wconf 90' lang='grc'>4949</span> <span class='ocrx_word' id='word_1_355' title='bbox 729 3341 821 3403; x_wconf 84' lang='lat' dir='ltr'>quam</span> <span class='ocrx_word' id='word_1_356' title='bbox 840 3333 909 3404; x_wconf 92' lang='lat' dir='ltr'>post</span> <span class='ocrx_word' id='word_1_357' title='bbox 961 3343 1015 3387; x_wconf 88' lang='lat' dir='ltr'>nec</span> <span class='ocrx_word' id='word_1_358' title='bbox 1021 3324 1172 3405; x_wconf 83' lang='lat' dir='ltr'>pauciora</span> <span class='ocrx_word' id='word_1_359' title='bbox 1184 3323 1219 3385; x_wconf 87' lang='grc'>64</span> <span class='ocrx_word' id='word_1_360' title='bbox 1230 3327 1394 3406; x_wconf 80' lang='lat' dir='ltr'>Scriptura</span> <span class='ocrx_word' id='word_1_361' title='bbox 1404 3344 1500 3389; x_wconf 80' lang='grc'>44444</span> <span class='ocrx_word' id='word_1_362' title='bbox 1511 3328 1670 3409; x_wconf 71' lang='lat' dir='ltr'>inidipsum</span> 
     </span>
     <span class='ocr_line' id='line_1_34' title="bbox 187 3397 1672 3499; baseline 0 -18"><span class='ocrx_word' id='word_1_363' title='bbox 187 3420 366 3481; x_wconf 88' lang='lat' dir='ltr'>Browerum</span> <span class='ocrx_word' id='word_1_364' title='bbox 382 3425 413 3485; x_wconf 85' lang='lat' dir='ltr'>et</span> <span class='ocrx_word' id='word_1_365' title='bbox 428 3415 599 3495; x_wconf 82' lang='lat' dir='ltr'>Adolphum</span> <span class='ocrx_word' id='word_1_366' title='bbox 617 3416 823 3478; x_wconf 89' lang='lat' dir='ltr'>Overhamum</span> <span class='ocrx_word' id='word_1_367' title='bbox 837 3435 908 3480; x_wconf 91' lang='lat' dir='ltr'>cum</span> <span class='ocrx_word' id='word_1_368' title='bbox 962 3417 1146 3480; x_wconf 75' lang='grc'>8444444444</span> <span class='ocrx_word' id='word_1_369' title='bbox 1160 3397 1304 3479; x_wconf 79' lang='lat' dir='ltr'>vertendo</span> <span class='ocrx_word' id='word_1_370' title='bbox 1313 3465 1323 3497; x_wconf 94' lang='lat'>,</span> <span class='ocrx_word' id='word_1_371' title='bbox 1341 3417 1496 3499; x_wconf 68' lang='lat' dir='ltr'>exquibus</span> <span class='ocrx_word' id='word_1_372' title='bbox 1512 3421 1672 3484; x_wconf 77' lang='grc'>4444444444</span> 
     </span>
     <span class='ocr_line' id='line_1_35' title="bbox 187 3507 1307 3590; baseline 0.004 -21"><span class='ocrx_word' id='word_1_373' title='bbox 187 3512 251 3572; x_wconf 80' lang='lat' dir='ltr'>vita</span> <span class='ocrx_word' id='word_1_374' title='bbox 270 3513 464 3590; x_wconf 86' lang='lat' dir='ltr'>Meinweroi,</span> <span class='ocrx_word' id='word_1_375' title='bbox 484 3511 627 3589; x_wconf 90' lang='lat' dir='ltr'>Episcopi</span> <span class='ocrx_word' id='word_1_376' title='bbox 644 3509 909 3588; x_wconf 88' lang='lat' dir='ltr'>Paderbornensis,</span> <span class='ocrx_word' id='word_1_377' title='bbox 963 3509 1018 3572; x_wconf 82' lang='lat' dir='ltr'>bus</span> <span class='ocrx_word' id='word_1_378' title='bbox 1034 3529 1055 3571; x_wconf 87' lang='lat' dir='ltr'>n</span> <span class='ocrx_word' id='word_1_379' title='bbox 1067 3507 1156 3590; x_wconf 84' lang='lat' dir='ltr'>plebe</span> <span class='ocrx_word' id='word_1_380' title='bbox 1174 3509 1307 3590; x_wconf 80' lang='lat' dir='ltr'>iope-ndu.</span> 
     </span>
     <span class='ocr_line' id='line_1_36' title="bbox 190 3603 1674 3684; baseline 0.004 -20"><span class='ocrx_word' id='word_1_381' title='bbox 190 3603 283 3664; x_wconf 87' lang='lat' dir='ltr'>edidit</span> <span class='ocrx_word' id='word_1_382' title='bbox 300 3604 467 3664; x_wconf 87' lang='lat' dir='ltr'>Leihnitius</span> <span class='ocrx_word' id='word_1_383' title='bbox 484 3609 557 3663; x_wconf 93' lang='lat' dir='ltr'>tom.</span> <span class='ocrx_word' id='word_1_384' title='bbox 581 3606 593 3664; x_wconf 95' lang='grc'>4</span> <span class='ocrx_word' id='word_1_385' title='bbox 615 3605 795 3683; x_wconf 91' lang='lat' dir='ltr'>scriptorum</span> <span class='ocrx_word' id='word_1_386' title='bbox 813 3607 909 3667; x_wconf 87' lang='lat' dir='ltr'>Brun·</span> <span class='ocrx_word' id='word_1_387' title='bbox 1001 3605 1674 3684; x_wconf 76' lang='lat' dir='ltr'>ECBERTUSPresbyteretcanonicusllun</span> 
     </span>
     <span class='ocr_line' id='line_1_37' title="bbox 190 3696 1676 3784; baseline 0.003 -27"><span class='ocrx_word' id='word_1_388' title='bbox 190 3698 376 3757; x_wconf 90' lang='lat' dir='ltr'>svicensium</span> <span class='ocrx_word' id='word_1_389' title='bbox 388 3712 454 3774; x_wconf 85' lang='lat' dir='ltr'>pag.</span> <span class='ocrx_word' id='word_1_390' title='bbox 466 3696 534 3756; x_wconf 89' lang='grc'>666.</span> <span class='ocrx_word' id='word_1_391' title='bbox 546 3697 658 3757; x_wconf 81' lang='lat' dir='ltr'>Exstat</span> <span class='ocrx_word' id='word_1_392' title='bbox 672 3698 763 3758; x_wconf 88' lang='lat' dir='ltr'>otiam</span> <span class='ocrx_word' id='word_1_393' title='bbox 783 3699 813 3756; x_wconf 90' lang='lat' dir='ltr'>in</span> <span class='ocrx_word' id='word_1_394' title='bbox 824 3697 909 3759; x_wconf 84' lang='lat' dir='ltr'>Actis</span> <span class='ocrx_word' id='word_1_395' title='bbox 962 3701 1076 3774; x_wconf 90' lang='lat' dir='ltr'>nensis,</span> <span class='ocrx_word' id='word_1_396' title='bbox 1087 3700 1275 3760; x_wconf 75' lang='lat' dir='ltr'>coloniensis</span> <span class='ocrx_word' id='word_1_397' title='bbox 1291 3700 1419 3762; x_wconf 87' lang='lat' dir='ltr'>dioeces.</span> <span class='ocrx_word' id='word_1_398' title='bbox 1437 3719 1474 3764; x_wconf 89' lang='lat' dir='ltr'>ac</span> <span class='ocrx_word' id='word_1_399' title='bbox 1485 3704 1676 3784; x_wconf 78' lang='lat' dir='ltr'>deniquello</span> 
     </span>
     <span class='ocr_line' id='line_1_38' title="bbox 190 3791 1677 3871; baseline 0.005 -19"><span class='ocrx_word' id='word_1_400' title='bbox 190 3791 369 3852; x_wconf 82' lang='lat' dir='ltr'>Sanctorum</span> <span class='ocrx_word' id='word_1_401' title='bbox 385 3791 425 3850; x_wconf 89' lang='grc'>28</span> <span class='ocrx_word' id='word_1_402' title='bbox 441 3791 521 3849; x_wconf 88' lang='lat' dir='ltr'>lunii</span> <span class='ocrx_word' id='word_1_403' title='bbox 540 3796 613 3850; x_wconf 90' lang='lat' dir='ltr'>tom.</span> <span class='ocrx_word' id='word_1_404' title='bbox 627 3792 661 3850; x_wconf 89' lang='lat' dir='ltr'>V.</span> <span class='ocrx_word' id='word_1_405' title='bbox 679 3807 745 3869; x_wconf 84' lang='lat' dir='ltr'>pag.</span> <span class='ocrx_word' id='word_1_406' title='bbox 764 3791 832 3851; x_wconf 84' lang='lat'><strong>386.</strong></span> <span class='ocrx_word' id='word_1_407' title='bbox 963 3792 1078 3853; x_wconf 92' lang='lat' dir='ltr'>nachus</span> <span class='ocrx_word' id='word_1_408' title='bbox 1092 3799 1123 3853; x_wconf 90' lang='lat' dir='ltr'>et</span> <span class='ocrx_word' id='word_1_409' title='bbox 1135 3794 1394 3871; x_wconf 89' lang='lat' dir='ltr'>postHildelinum</span> <span class='ocrx_word' id='word_1_410' title='bbox 1405 3796 1508 3858; x_wconf 78' lang='lat' dir='ltr'>nubas</span> <span class='ocrx_word' id='word_1_411' title='bbox 1519 3798 1677 3860; x_wconf 74' lang='grc'>8444444444</span> 
     </span>
     <span class='ocr_line' id='line_1_39' title="bbox 229 3884 1677 3968; baseline 0.004 -22"><span class='ocrx_word' id='word_1_412' title='bbox 229 3885 432 3946; x_wconf 84' lang='lat' dir='ltr'>ECBERTUS</span> <span class='ocrx_word' id='word_1_413' title='bbox 449 3884 619 3962; x_wconf 82' lang='lat' dir='ltr'>Svevigena</span> <span class='ocrx_word' id='word_1_414' title='bbox 637 3886 666 3944; x_wconf 92' lang='lat' dir='ltr'>in</span> <span class='ocrx_word' id='word_1_415' title='bbox 682 3885 789 3963; x_wconf 78' lang='lat' dir='ltr'>Anglia</span> <span class='ocrx_word' id='word_1_416' title='bbox 811 3887 910 3946; x_wconf 89' lang='grc'>44444-</span> <span class='ocrx_word' id='word_1_417' title='bbox 961 3885 1075 3965; x_wconf 67' lang='lat' dir='ltr'>prensis</span> <span class='ocrx_word' id='word_1_418' title='bbox 1092 3887 1119 3962; x_wconf 91' lang='lat' dir='ltr'>a)</span> <span class='ocrx_word' id='word_1_419' title='bbox 1139 3888 1168 3947; x_wconf 89' lang='lat' dir='ltr'>S.</span> <span class='ocrx_word' id='word_1_420' title='bbox 1186 3888 1296 3947; x_wconf 88' lang='lat' dir='ltr'>Florini</span> <span class='ocrx_word' id='word_1_421' title='bbox 1315 3890 1345 3948; x_wconf 91' lang='lat' dir='ltr'>in</span> <span class='ocrx_word' id='word_1_422' title='bbox 1362 3888 1492 3951; x_wconf 87' lang='lat' dir='ltr'>dioecesi</span> <span class='ocrx_word' id='word_1_423' title='bbox 1505 3893 1677 3968; x_wconf 88' lang='lat' dir='ltr'>Trevirensi,</span> 
     </span>
     <span class='ocr_line' id='line_1_40' title="bbox 191 3975 1680 4066; baseline 0.006 -27"><span class='ocrx_word' id='word_1_424' title='bbox 191 3978 267 4040; x_wconf 89' lang='lat' dir='ltr'>chus</span> <span class='ocrx_word' id='word_1_425' title='bbox 292 3975 548 4058; x_wconf 79' lang='lat' dir='ltr'>Lindissornensie</span> <span class='ocrx_word' id='word_1_426' title='bbox 575 3977 646 4039; x_wconf 87' lang='lat' dir='ltr'>Ord.</span> <span class='ocrx_word' id='word_1_427' title='bbox 675 3978 827 4039; x_wconf 88' lang='lat' dir='ltr'>Benedict.</span> <span class='ocrx_word' id='word_1_428' title='bbox 859 3979 911 4040; x_wconf 89' lang='lat' dir='ltr'>de·</span> <span class='ocrx_word' id='word_1_429' title='bbox 964 3979 1085 4041; x_wconf 90' lang='lat' dir='ltr'>Ordinis</span> <span class='ocrx_word' id='word_1_430' title='bbox 1095 3979 1247 4041; x_wconf 89' lang='lat' dir='ltr'>Benedict.</span> <span class='ocrx_word' id='word_1_431' title='bbox 1266 3982 1345 4044; x_wconf 87' lang='lat' dir='ltr'>circa</span> <span class='ocrx_word' id='word_1_432' title='bbox 1361 3980 1486 4045; x_wconf 79' lang='lat' dir='ltr'>Annum</span> <span class='ocrx_word' id='word_1_433' title='bbox 1504 3986 1596 4047; x_wconf 90' lang='grc'>4469.</span> <span class='ocrx_word' id='word_1_434' title='bbox 1609 3987 1680 4066; x_wconf 87' lang='lat' dir='ltr'>Opu-</span> 
     </span>
     <span class='ocr_line' id='line_1_41' title="bbox 192 4071 1679 4161; baseline 0.006 -29"><span class='ocrx_word' id='word_1_435' title='bbox 192 4073 315 4134; x_wconf 85' lang='lat' dir='ltr'>tunctus</span> <span class='ocrx_word' id='word_1_436' title='bbox 330 4075 409 4135; x_wconf 82' lang='lat' dir='ltr'>circa</span> <span class='ocrx_word' id='word_1_437' title='bbox 429 4072 487 4134; x_wconf 80' lang='grc'>444.</span> <span class='ocrx_word' id='word_1_438' title='bbox 504 4071 565 4134; x_wconf 87' lang='grc'>728</span> <span class='ocrx_word' id='word_1_439' title='bbox 587 4071 666 4152; x_wconf 89' lang='lat' dir='ltr'>apud</span> <span class='ocrx_word' id='word_1_440' title='bbox 688 4074 824 4138; x_wconf 77' lang='grc'>4444444444</span> <span class='ocrx_word' id='word_1_441' title='bbox 851 4075 911 4134; x_wconf 84' lang='lat' dir='ltr'>Mo·</span> <span class='ocrx_word' id='word_1_442' title='bbox 964 4072 1083 4135; x_wconf 87' lang='lat' dir='ltr'>sculum</span> <span class='ocrx_word' id='word_1_443' title='bbox 1100 4071 1137 4133; x_wconf 85' lang='lat' dir='ltr'>de</span> <span class='ocrx_word' id='word_1_444' title='bbox 1160 4071 1249 4134; x_wconf 79' lang='lat' dir='ltr'>laude</span> <span class='ocrx_word' id='word_1_445' title='bbox 1271 4074 1399 4152; x_wconf 78' lang='lat' dir='ltr'>Crucis,</span> <span class='ocrx_word' id='word_1_446' title='bbox 1418 4085 1449 4138; x_wconf 91' lang='lat' dir='ltr'>et</span> <span class='ocrx_word' id='word_1_447' title='bbox 1467 4076 1679 4161; x_wconf 73' lang='lat' dir='ltr'>soliloquium,</span> 
     </span>
     <span class='ocr_line' id='line_1_42' title="bbox 194 4164 1681 4244; baseline 0.006 -18"><span class='ocrx_word' id='word_1_448' title='bbox 194 4167 308 4227; x_wconf 82' lang='lat' dir='ltr'>nachas</span> <span class='ocrx_word' id='word_1_449' title='bbox 326 4169 356 4226; x_wconf 93' lang='lat' dir='ltr'>in</span> <span class='ocrx_word' id='word_1_450' title='bbox 380 4169 480 4228; x_wconf 89' lang='lat' dir='ltr'>Scotia</span> <span class='ocrx_word' id='word_1_451' title='bbox 497 4211 504 4236; x_wconf 87' lang='grc'>,</span> <span class='ocrx_word' id='word_1_452' title='bbox 526 4183 602 4244; x_wconf 89' lang='lat' dir='ltr'>quos</span> <span class='ocrx_word' id='word_1_453' title='bbox 627 4165 701 4227; x_wconf 88' lang='lat' dir='ltr'>libro</span> <span class='ocrx_word' id='word_1_454' title='bbox 718 4164 754 4225; x_wconf 87' lang='lat' dir='ltr'>de</span> <span class='ocrx_word' id='word_1_455' title='bbox 771 4164 914 4227; x_wconf 83' lang='lat' dir='ltr'>Paschali</span> <span class='ocrx_word' id='word_1_456' title='bbox 965 4168 1031 4228; x_wconf 89' lang='lat' dir='ltr'>sive</span> <span class='ocrx_word' id='word_1_457' title='bbox 1047 4164 1252 4230; x_wconf 81' lang='lat' dir='ltr'>Meditotiones</span> <span class='ocrx_word' id='word_1_458' title='bbox 1266 4177 1297 4231; x_wconf 86' lang='grc'>44</span> <span class='ocrx_word' id='word_1_459' title='bbox 1305 4170 1452 4233; x_wconf 78' lang='grc'>8444444444</span> <span class='ocrx_word' id='word_1_460' title='bbox 1466 4175 1589 4237; x_wconf 78' lang='lat' dir='ltr'>amorio</span> <span class='ocrx_word' id='word_1_461' title='bbox 1599 4178 1627 4236; x_wconf 88' lang='lat' dir='ltr'>in</span> <span class='ocrx_word' id='word_1_462' title='bbox 1640 4190 1681 4235; x_wconf 79' lang='lat' dir='ltr'>oe</span> 
     </span>
     <span class='ocr_line' id='line_1_43' title="bbox 193 4256 1681 4337; baseline 0.008 -20"><span class='ocrx_word' id='word_1_463' title='bbox 193 4256 399 4320; x_wconf 80' lang='lat' dir='ltr'>obseruatione</span> <span class='ocrx_word' id='word_1_464' title='bbox 415 4259 546 4337; x_wconf 88' lang='lat' dir='ltr'>erudiit,</span> <span class='ocrx_word' id='word_1_465' title='bbox 574 4265 608 4319; x_wconf 92' lang='lat' dir='ltr'>ut</span> <span class='ocrx_word' id='word_1_466' title='bbox 627 4276 665 4319; x_wconf 89' lang='lat' dir='ltr'>ex</span> <span class='ocrx_word' id='word_1_467' title='bbox 694 4260 786 4318; x_wconf 90' lang='lat' dir='ltr'>variis</span> <span class='ocrx_word' id='word_1_468' title='bbox 814 4259 911 4321; x_wconf 88' lang='lat' dir='ltr'>Bedae</span> <span class='ocrx_word' id='word_1_469' title='bbox 965 4258 1113 4321; x_wconf 87' lang='lat' dir='ltr'>leberrimi</span> <span class='ocrx_word' id='word_1_470' title='bbox 1128 4261 1272 4322; x_wconf 86' lang='grc'>94444464</span> <span class='ocrx_word' id='word_1_471' title='bbox 1294 4267 1373 4326; x_wconf 78' lang='lat' dir='ltr'>Penii</span> <span class='ocrx_word' id='word_1_472' title='bbox 1398 4265 1587 4331; x_wconf 76' lang='lat' dir='ltr'>Bibliotheca</span> <span class='ocrx_word' id='word_1_473' title='bbox 1598 4270 1681 4332; x_wconf 77' lang='lat' dir='ltr'>hsce·</span> 
     </span>
    </p>
   </div>
   <div class='ocr_carea' id='block_1_3' title="bbox 964 4353 1682 4522">
    <p class='ocr_par' dir='ltr' id='par_1_3' title="bbox 964 4353 1682 4522">
     <span class='ocr_line' id='line_1_44' title="bbox 964 4353 1682 4436; baseline 0.011 -22"><span class='ocrx_word' id='word_1_474' title='bbox 964 4354 1024 4414; x_wconf 88' lang='lat' dir='ltr'>tica</span> <span class='ocrx_word' id='word_1_475' title='bbox 1041 4360 1114 4412; x_wconf 92' lang='lat' dir='ltr'>tom.</span> <span class='ocrx_word' id='word_1_476' title='bbox 1130 4353 1192 4430; x_wconf 90' lang='lat' dir='ltr'>Vll,</span> <span class='ocrx_word' id='word_1_477' title='bbox 1207 4373 1274 4436; x_wconf 82' lang='lat' dir='ltr'>pag.</span> <span class='ocrx_word' id='word_1_478' title='bbox 1294 4359 1344 4418; x_wconf 88' lang='grc'>43.</span> <span class='ocrx_word' id='word_1_479' title='bbox 1359 4359 1409 4421; x_wconf 90' lang='grc'>24.</span> <span class='ocrx_word' id='word_1_480' title='bbox 1433 4358 1483 4420; x_wconf 91' lang='grc'>37.</span> <span class='ocrx_word' id='word_1_481' title='bbox 1509 4362 1682 4424; x_wconf 80' lang='grc'>4446464444</span> 
     </span>
     <span class='ocr_line' id='line_1_45' title="bbox 967 4444 1682 4522; baseline 0.011 -13"><span class='ocrx_word' id='word_1_482' title='bbox 967 4447 1054 4522; x_wconf 88' lang='grc'>4726,</span> <span class='ocrx_word' id='word_1_483' title='bbox 1063 4447 1097 4507; x_wconf 69' lang='grc'>,8.</span> <span class='ocrx_word' id='word_1_484' title='bbox 1114 4444 1157 4506; x_wconf 86' lang='lat' dir='ltr'>De</span> <span class='ocrx_word' id='word_1_485' title='bbox 1171 4444 1257 4510; x_wconf 83' lang='grc'>444444</span> <span class='ocrx_word' id='word_1_486' title='bbox 1269 4450 1392 4514; x_wconf 78' lang='grc'>8444444</span> <span class='ocrx_word' id='word_1_487' title='bbox 1415 4469 1494 4515; x_wconf 79' lang='lat' dir='ltr'>tuoe</span> <span class='ocrx_word' id='word_1_488' title='bbox 1521 4456 1682 4519; x_wconf 82' lang='lat' dir='ltr'>Germanae</span> 
     </span>
    </p>
   </div>
   <div class='ocr_carea' id='block_1_4' title="bbox 189 4563 919 4778">
    <p class='ocr_par' dir='ltr' id='par_1_4' title="bbox 189 4563 919 4778">
     <span class='ocr_line' id='line_1_46' title="bbox 234 4563 622 4628; baseline 0.003 -15"><span class='ocrx_word' id='word_1_489' title='bbox 234 4567 264 4626; x_wconf 86' lang='grc'>4)</span> <span class='ocrx_word' id='word_1_490' title='bbox 281 4569 360 4628; x_wconf 76' lang='lat' dir='ltr'>supro</span> <span class='ocrx_word' id='word_1_491' title='bbox 380 4572 442 4615; x_wconf 89' lang='lat' dir='ltr'>tom.</span> <span class='ocrx_word' id='word_1_492' title='bbox 461 4567 470 4612; x_wconf 92' lang='grc'>1</span> <span class='ocrx_word' id='word_1_493' title='bbox 488 4577 548 4628; x_wconf 73' lang='lat' dir='ltr'>pag.</span> <span class='ocrx_word' id='word_1_494' title='bbox 565 4563 622 4616; x_wconf 81' lang='lat' dir='ltr'>uto.</span> 
     </span>
     <span class='ocr_line' id='line_1_47' title="bbox 236 4640 918 4705; baseline 0.004 -17"><span class='ocrx_word' id='word_1_495' title='bbox 236 4640 263 4698; x_wconf 88' lang='lat' dir='ltr'>b)</span> <span class='ocrx_word' id='word_1_496' title='bbox 281 4640 393 4703; x_wconf 74' lang='lat' dir='ltr'>Epistola</span> <span class='ocrx_word' id='word_1_497' title='bbox 410 4641 446 4690; x_wconf 86' lang='lat' dir='ltr'>ad</span> <span class='ocrx_word' id='word_1_498' title='bbox 464 4640 581 4691; x_wconf 81' lang='lat' dir='ltr'>corolum</span> <span class='ocrx_word' id='word_1_499' title='bbox 600 4644 738 4704; x_wconf 72' lang='lat' dir='ltr'>stagnum,</span> <span class='ocrx_word' id='word_1_500' title='bbox 765 4642 832 4705; x_wconf 82' lang='lat' dir='ltr'>apud</span> <span class='ocrx_word' id='word_1_501' title='bbox 857 4645 918 4693; x_wconf 76' lang='lat' dir='ltr'>wtt-</span> 
     </span>
     <span class='ocr_line' id='line_1_48' title="bbox 189 4711 919 4778; baseline 0.008 -17"><span class='ocrx_word' id='word_1_502' title='bbox 189 4711 300 4763; x_wconf 83' lang='lat' dir='ltr'>hetmum</span> <span class='ocrx_word' id='word_1_503' title='bbox 315 4714 565 4765; x_wconf 69' lang='lat' dir='ltr'>malmesburiensem</span> <span class='ocrx_word' id='word_1_504' title='bbox 575 4715 607 4764; x_wconf 82' lang='lat' dir='ltr'>de</span> <span class='ocrx_word' id='word_1_505' title='bbox 615 4718 693 4778; x_wconf 70' lang='lat' dir='ltr'>gestis</span> <span class='ocrx_word' id='word_1_506' title='bbox 704 4717 856 4767; x_wconf 77' lang='lat' dir='ltr'>Pontificum</span> <span class='ocrx_word' id='word_1_507' title='bbox 869 4722 919 4768; x_wconf 79' lang='lat' dir='ltr'>hu·</span> 
     </span>
    </p>
   </div>
   <div class='ocr_carea' id='block_1_5' title="bbox 191 4785 1685 5020">
    <p class='ocr_par' dir='ltr' id='par_1_5' title="bbox 191 4785 1685 5020">
     <span class='ocr_line' id='line_1_49' title="bbox 191 4785 1685 4862; baseline 0.011 -26"><span class='ocrx_word' id='word_1_508' title='bbox 191 4785 289 4846; x_wconf 71' lang='grc'>44444444</span> <span class='ocrx_word' id='word_1_509' title='bbox 305 4789 350 4838; x_wconf 90' lang='lat' dir='ltr'>ttb.</span> <span class='ocrx_word' id='word_1_510' title='bbox 366 4789 391 4838; x_wconf 80' lang='grc'>6.</span> <span class='ocrx_word' id='word_1_511' title='bbox 408 4801 466 4851; x_wconf 71' lang='lat' dir='ltr'>pag.</span> <span class='ocrx_word' id='word_1_512' title='bbox 482 4790 540 4840; x_wconf 74' lang='grc'>469.</span> <span class='ocrx_word' id='word_1_513' title='bbox 1007 4791 1034 4854; x_wconf 87' lang='grc'>4)</span> <span class='ocrx_word' id='word_1_514' title='bbox 1049 4793 1184 4846; x_wconf 75' lang='grc'>4664444444</span> <span class='ocrx_word' id='word_1_515' title='bbox 1209 4799 1458 4862; x_wconf 73' lang='lat' dir='ltr'>schornrmtemem</span> <span class='ocrx_word' id='word_1_516' title='bbox 1485 4804 1518 4853; x_wconf 75' lang='lat' dir='ltr'>ab</span> <span class='ocrx_word' id='word_1_517' title='bbox 1535 4805 1642 4855; x_wconf 75' lang='grc'>4644444</span> <span class='ocrx_word' id='word_1_518' title='bbox 1664 4806 1685 4853; x_wconf 71' lang='lat' dir='ltr'>t</span> 
     </span>
     <span class='ocr_line' id='line_1_50' title="bbox 237 4861 1685 4943; baseline 0.014 -31"><span class='ocrx_word' id='word_1_519' title='bbox 237 4863 262 4923; x_wconf 85' lang='lat' dir='ltr'>c)</span> <span class='ocrx_word' id='word_1_520' title='bbox 278 4867 315 4914; x_wconf 86' lang='grc'>144</span> <span class='ocrx_word' id='word_1_521' title='bbox 331 4861 466 4924; x_wconf 72' lang='lat' dir='ltr'>legendum</span> <span class='ocrx_word' id='word_1_522' title='bbox 482 4877 530 4928; x_wconf 84' lang='lat' dir='ltr'>pro</span> <span class='ocrx_word' id='word_1_523' title='bbox 545 4866 715 4926; x_wconf 75' lang='grc'>4444444464,</span> <span class='ocrx_word' id='word_1_524' title='bbox 731 4872 758 4916; x_wconf 82' lang='grc'>44</span> <span class='ocrx_word' id='word_1_525' title='bbox 774 4879 820 4930; x_wconf 85' lang='lat' dir='ltr'>pro</span> <span class='ocrx_word' id='word_1_526' title='bbox 841 4868 917 4917; x_wconf 78' lang='grc'>1444-</span> <span class='ocrx_word' id='word_1_527' title='bbox 961 4865 1055 4916; x_wconf 84' lang='lat' dir='ltr'>rtonnt</span> <span class='ocrx_word' id='word_1_528' title='bbox 1074 4877 1173 4930; x_wconf 80' lang='grc'>4444444</span> <span class='ocrx_word' id='word_1_529' title='bbox 1189 4885 1242 4924; x_wconf 83' lang='lat' dir='ltr'>rem</span> <span class='ocrx_word' id='word_1_530' title='bbox 1257 4874 1384 4925; x_wconf 81' lang='grc'>6444444444</span> <span class='ocrx_word' id='word_1_531' title='bbox 1401 4876 1502 4929; x_wconf 74' lang='lat' dir='ltr'>metunt</span> <span class='ocrx_word' id='word_1_532' title='bbox 1517 4881 1620 4932; x_wconf 75' lang='grc'>44444444</span> <span class='ocrx_word' id='word_1_533' title='bbox 1635 4891 1685 4943; x_wconf 68' lang='lat' dir='ltr'>pop</span> 
     </span>
     <span class='ocr_line' id='line_1_51' title="bbox 193 4936 1551 5020; baseline 0.016 -38"><span class='ocrx_word' id='word_1_534' title='bbox 193 4937 279 4985; x_wconf 81' lang='grc'>44444444·</span> <span class='ocrx_word' id='word_1_535' title='bbox 294 4936 361 4998; x_wconf 74' lang='lat' dir='ltr'>apud</span> <span class='ocrx_word' id='word_1_536' title='bbox 380 4941 538 4998; x_wconf 72' lang='grc'>4444444444</span> <span class='ocrx_word' id='word_1_537' title='bbox 556 4940 726 4992; x_wconf 78' lang='lat' dir='ltr'>ttetttcentem</span> <span class='ocrx_word' id='word_1_538' title='bbox 741 4953 767 4993; x_wconf 83' lang='lat' dir='ltr'>e.</span> <span class='ocrx_word' id='word_1_539' title='bbox 784 4941 825 4991; x_wconf 86' lang='grc'>68.</span> <span class='ocrx_word' id='word_1_540' title='bbox 962 4940 1018 4991; x_wconf 82' lang='lat' dir='ltr'>tto.</span> <span class='ocrx_word' id='word_1_541' title='bbox 1034 4945 1149 4995; x_wconf 83' lang='grc'>94444444</span> <span class='ocrx_word' id='word_1_542' title='bbox 1166 4953 1228 5007; x_wconf 79' lang='lat' dir='ltr'>tom.</span> <span class='ocrx_word' id='word_1_543' title='bbox 1244 4950 1260 4998; x_wconf 76' lang='grc'>4</span> <span class='ocrx_word' id='word_1_544' title='bbox 1275 4960 1333 5012; x_wconf 68' lang='lat' dir='ltr'>pop.</span> <span class='ocrx_word' id='word_1_545' title='bbox 1351 4949 1423 5002; x_wconf 83' lang='grc'>4648.</span> <span class='ocrx_word' id='word_1_546' title='bbox 1442 4953 1551 5020; x_wconf 69' lang='lat' dir='ltr'>alitque.</span> 
     </span>
    </p>
   </div>
   <div class='ocr_carea' id='block_1_6' title="bbox 0 0 1750 5332">
    <p class='ocr_par' dir='ltr' id='par_1_6' title="bbox 0 0 1750 5332">
     <span class='ocr_line' id='line_1_52' title="bbox 0 0 1750 5332; baseline 0 0"><span class='ocrx_word' id='word_1_547' title='bbox 0 0 1750 5332; x_wconf 95' lang='lat' dir='ltr'> </span> 
     </span>
    </p>
   </div>
  </div>
 </body>
</html>
