3464 5318
595 344 1033 409 ciiaisroriioiii
1403 347 1405 350 ’
1500 353 1559 415 343

68 478 129 520 non
152 458 330 518 meletarum
352 454 541 532 quarundam
564 451 699 531 Libaoii,
725 453 788 532 jam
841 453 1561 538 amminusinterpolatam,constantemqueCa-
1649 470 1652 474 ’

64 553 126 613 dixi
142 553 206 612 suis
222 550 295 611 locis
310 550 339 606 in
353 548 536 607 Bibliotheca
549 548 661 608 Graeca
673 592 680 623 ‚
694 555 725 608 et
739 565 788 608 ac·
840 550 954 627 pitibus
971 548 1107 609 XXXIV.
1130 565 1168 608 ex
1186 548 1336 608 sirmondi
1353 551 1462 613 codiee
1482 551 1561 614 Lub-

64 652 172 708 curate
187 644 224 703 de
243 643 302 703 illis
318 658 438 718 quoque
454 647 485 700 et
501 640 539 701 04
556 642 623 701 aliis
643 643 735 702 rebus
749 642 786 702 ad
843 639 915 702 heus
930 647 1002 702 tom.
1015 643 1068 702 Vll
1083 642 1194 703 Concil.
1205 658 1270 719 pag.
1290 643 1377 704 4444.
1392 650 1424 703 44
1438 663 1476 706 ex
1486 647 1561 706 Lab

63 739 149 800 hunc
166 740 329 798 Personam
347 735 553 813 spectantibus
567 734 600 794 V.
616 735 649 797 c.
661 731 788 814 Aposto-
841 735 897 796 beo
917 733 1096 795 Harduinus
1113 741 1183 795 tom.
1206 735 1245 795 IV
1262 751 1328 814 pag.
1351 736 1437 799 4184.
1455 744 1487 798 44
1508 756 1560 798 no

64 833 114 893 lus
130 834 229 892 Zenus
244 827 789 889 44444114.04444484404444444144-
841 830 967 888 vissime
995 827 1114 890 Coleius
1139 829 1168 886 in
1194 827 1324 888 editione
1356 827 1558 891 Conciliorum

66 926 124 985 liae
152 942 219 1003 pag.
248 923 325 997 333,
353 937 415 998 seq.
443 917 567 982 Librum
584 919 788 1000 Epistolorum
841 922 955 982 Veneta
972 927 1053 980 tomo
1070 921 1112 980 lX
1129 926 1198 998 post
1214 919 1379 982 Concilium
1391 920 1560 1000 Aquiepro

66 1019 148 1078 lectu
163 1017 288 1095 dignum
310 1013 425 1074 editum
441 1030 460 1073 a
475 1016 624 1089 Persona,
640 1020 709 1092 post
726 1015 789 1073 Tri·
841 1030 930 1073 neme
944 1012 1001 1093 dn.
1018 1013 1086 1074 846.
1105 1011 1265 1089 subjuncta
1279 1015 1370 1073 etiam
1383 1016 1560 1092 interpolata

65 1112 216 1172 themium
234 1109 364 1168 affirmat
379 1106 532 1167 iohannes
547 1106 717 1167 Matthaeus
732 1109 788 1167 To
840 1107 889 1166 illa
904 1106 1122 1166 Canonicorum
1134 1107 1259 1184 Regula,
1277 1124 1315 1166 444
1332 1106 1558 1186 chrodogango,

66 1221 180 1266 scanus
198 1203 246 1261 lib.
265 1203 276 1260 l
294 1201 373 1279 pepli
390 1200 492 1260 ltaliae
510 1216 593 1260 num.
611 1197 659 1261 27.
839 1199 970 1259 Concilio
994 1199 1042 1258 4114
1062 1197 1299 1276 aquisgranensi
1320 1205 1412 1278 44444
1439 1201 1559 1261 aliunde

106 1293 381 1360 CERlSTOPllORl
392 1305 412 1352 4
423 1290 511 1363 Saldo
524 1339 531 1370 ,
542 1293 627 1353 Civis
640 1292 786 1362 04444441,
839 1293 1054 1351 consarcinata.
1072 1292 1226 1352 Sinceram
1238 1309 1357 1370 quoque
1369 1291 1451 1352 dedit
1466 1291 1561 1354 Coro

65 1391 105 1451 de
123 1391 215 1450 rebus
236 1390 284 1447 sui
304 1387 448 1465 temporis
468 1383 599 1444 Annales
619 1384 787 1446 4444444444
841 1381 888 1443 lus
909 1381 935 1442 le
957 1382 1058 1452 cointe
1078 1389 1160 1445 tomo
1180 1384 1205 1443 V
1227 1383 1389 1444 Annalium
1405 1385 1560 1465 Ecclesiae

61 1484 101 1544 ab
116 1481 205 1542 Anno
225 1478 311 1541 ii37.
330 1478 367 1539 ad
386 1479 472 1544 4468.
491 1481 607 1556 primus
623 1495 662 1562 444
677 1478 785 1540 Codice
840 1477 1023 1537 Francorum
1052 1476 1090 1538 ad
1115 1476 1240 1537 Annum
1266 1478 1381 1537 cHristi
1402 1476 1471 1539 757.
1493 1496 1560 1558 pag.

64 1576 190 1637 Estensi
207 1574 345 1652 vulgavit
365 1572 591 1633 laudatissimus
606 1572 786 1632 Muratorius
840 1570 928 1629 566-
938 1569 1005 1631 587.
1018 1588 1056 1631 ex
1071 1569 1179 1633 Codice
1195 1571 1277 1630 lllSto
1293 1571 1400 1631 collato
1418 1587 1489 1632 curn
1503 1575 1561 1633 Da-

65 1671 97 1729 44
114 1685 216 1729 rerum
233 1668 402 1727 italicarum
417 1666 612 1744 scriptoribus
626 1671 699 1725 tom.
713 1664 784 1724 XXI
839 1662 979 1723 cheriana
994 1669 1025 1723 et
1043 1663 1196 1724 Labbeana
1207 1663 1345 1724 editione.
1358 1667 1447 1725 Plura
1456 1664 1493 1726 de
1505 1665 1562 1725 hoc

60 1761 217 1823 Mediolon.
238 1758 334 1833 4732,
353 1759 402 1818 441.
841 1756 1056 1835 chrodogango
1076 1756 1190 1817 Paulus
1216 1755 1431 1837 warnefridus
1454 1761 1483 1819 in
1505 1759 1562 1818 ira-

103 1852 370 1916 cllRODOBERTl
386 1853 525 1930 Episcopi
542 1853 621 1912 circa
641 1851 698 1912 04.
716 1851 783 1912 670.
839 1857 961 1928 gmento
977 1850 1015 1910 04
1032 1852 1187 1928 Episcopis
1203 1851 1388 1910 Metensibus
1404 1851 1484 1928 apud
1500 1850 1562 1911 An·

61 1947 262 2020 Turonensisy
272 1942 425 2024 judicium
439 1943 475 2003 de
493 1944 617 2005 muh'ere
628 1943 783 2020 adultera,
840 1944 943 2004 dream
954 1943 1123 2004 duchesne
1135 1949 1215 2002 tomo
1227 1945 1254 2003 ll
1264 1961 1367 2004 rerum
1378 1945 1481 2005 Frauc.
1494 1961 1560 2023 pag.

66 2058 105 2100 ex
127 2039 237 2100 Codice
257 2038 458 2098 Bibliothecae
475 2038 618 2098 Tbuanae
635 2037 750 2098 editum
767 2055 785 2098 a
840 2038 918 2111 204,
936 2053 999 2112 seq.
1018 2035 1068 2095 ubi
1086 2052 1209 2095 normae
1230 2038 1322 2096 etiam
1339 2037 1427 2097 clero
1443 2039 1563 2097 institu-

60 2132 223 2193 Paschasio
240 2131 400 2202 Quesnello
417 2133 445 2189 44
461 2133 541 2190 44444
555 2131 591 2190 40
607 2131 743 2208 Epistola
755 2131 786 2190 S.
841 2137 889 2191 tae
906 2131 1032 2203 mentio,
1051 2131 1129 2189 44444
1146 2135 1176 2188 44
1192 2126 1271 2207 apud
1290 2129 1480 2207 Sigebertum
1497 2147 1561 2207 cap.

60 2225 171 2284 Leonis
186 2225 283 2301 illagni
298 2223 459 2284 LXXXlll.
473 2224 592 2283 Parisiis
605 2222 697 2298 4675,
711 2225 737 2282 4.
755 2229 787 2283 44
841 2223 887 2283 78.
906 2224 1056 2301 Excerpta
1073 2240 1111 2283 ex
1126 2222 1175 2284 illa
1186 2223 1289 2302 regula
1301 2224 1398 2301 capita
1412 2222 1560 2300 quaedam

60 2317 201 2394 Lugduni
224 2315 310 2376 4700.
329 2316 377 2376 441.
396 2322 467 2375 tom.
487 2317 512 2376 ll
534 2332 599 2394 pag.
625 2317 702 2393 489,
721 2333 784 2394 444.
840 2323 911 2378 4444
924 2317 1104 2377 Dacherium
1121 2317 1299 2393 vulgaverat
1308 2315 1458 2377 iohannes
1468 2315 1561 2378 Mori-

62 2407 243 2472 crotberins
255 2409 303 2468 hic
317 2415 442 2469 vocatur
457 2411 486 2468 in
497 2409 632 2487 Epistola
641 2407 786 2469 'adeodati
839 2427 897 2470 oue
915 2412 945 2469 in
964 2410 1078 2488 sylloge
1095 2410 1355 2488 poenitentialium
1377 2409 1562 2486 libellorum,

60 2505 159 2581 Papae
176 2502 255 2580 apud
271 2502 518 2562 Sammarthanos
535 2508 609 2562 tom.
631 2504 643 2561 1
669 2502 782 2562 Galliae
841 2503 1003 2581 subjuncta
1024 2505 1106 2581 operi
1131 2502 1168 2562 de
1189 2502 1346 2581 disciplina
1366 2504 1484 2563 Veteris
1505 2505 1563 2565 Ec·

63 2595 256 2657 Christianae
272 2612 339 2672 pag.
355 2594 423 2655 744.
839 2598 948 2657 4144444
959 2596 1472 2675 444044444444444444444444444444,
1482 2596 1563 2675 4440

105 2685 432 2764 cadomensem,
461 2691 526 2750 aiiis
556 2687 784 2768 Chroipanpus,
840 2707 916 2769 opus
932 2698 1000 2769 post
1016 2689 1178 2749 editionem
1197 2690 1287 2749 Paris.
1312 2692 1399 2751 4651.
1418 2701 1561 2751 recusum

61 2781 288 2862 crodegangus,
296 2781 521 2862 Crodopanduc,
530 2781 785 2861 Crodoponpusal
839 2790 887 2844 est
907 2785 1056 2845 Bruxellis
1078 2784 1163 2843 4685.
1186 2789 1217 2843 44
1237 2783 1371 2843 Venetiis
1393 2784 1490 2860 4702,
1512 2784 1560 2844 444.

60 2876 227 2938 Tritbemio
244 2893 307 2955 cap.
330 2878 398 2937 255.
421 2876 458 2936 de
477 2878 507 2937 S.
528 2876 564 2936 E.
581 2875 784 2955 liuppondus:
840 2879 975 2955 Denique
988 2877 1193 2954 chrodegangi
1204 2874 1398 2955 pribibpium
1410 2894 1469 2957 pro
1487 2877 1562 2937 Cor·

60 2973 92 3030 in
111 2970 262 3048 epitaphio
275 2969 354 3049 apud
371 2971 572 3030 liabillonium
590 2977 671 3029 tomo
689 2971 701 3029 l
716 2987 783 3048 pag.
840 2969 938 3030 aiensi
953 2968 1101 3046 Abbatiu,
1119 2977 1238 3048 praeter
1252 2971 1451 3032 conciliorum
1468 2971 1563 3031 edito·

60 3065 130 3126 425.
150 3062 307 3140 (editionis
322 3079 417 3123 novae
430 3080 495 3141 pag.
512 3059 597 3140 377.)
613 3064 785 3141 4144444444
841 3078 890 3122 444
908 3063 1083 3136 Labbeum,
1104 3062 1290 3122 Harduinum
1312 3071 1343 3122 et
1364 3065 1502 3124 coletum
1523 3062 1561 3123 ad

60 3174 185 3232 nomen,
202 3154 303 3235 pierio
325 3154 475 3218 CHristus
492 3159 567 3215 erat.
586 3157 679 3234 Pipini
698 3157 786 3233 Regis
841 3153 963 3214 Annum
981 3154 1050 3214 756.
1067 3155 1153 3215 444444
1170 3155 1310 3216 14404444
1326 3156 1354 3215 14
1368 3156 1475 3217 cointe
1487 3163 1560 3216 tom.
1670 3164 1676 3170 '

57 3270 97 3313 ex
115 3267 216 3311 serore
234 3266 328 3328 nepos
343 3255 374 3309 et
390 3250 556 3327 Episcopus
566 3248 605 3309 ab
617 3248 704 3308 Anno
715 3248 784 3309 743.
843 3249 868 3310 V
887 3265 951 3327 pag.
968 3249 1036 3310 562.
1052 3249 1242 3309 4441144444
1260 3249 1446 3309 Psalmorum
1463 3251 1562 3311 cantu

56 3344 96 3407 ad
111 3343 180 3404 766.
193 3345 347 3418 1414444444,
364 3341 420 3418 (de
431 3358 491 3420 quo
502 3347 621 3420 praeter
636 3343 786 3403 84444444-
844 3344 874 3401 444
891 3343 1057 3402 Metensem
1075 3342 1221 3421 primum,
1237 3341 1344 3402 deinde
1361 3344 1390 3402 in
1408 3343 1481 3404 alias
1495 3344 1564 3404 Gal·

61 3439 174 3498 4444444
183 3444 255 3497 tom.
268 3438 307 3497 lll
318 3436 626 3497 GalliaeChristianae
637 3453 704 3514 pag.
716 3434 748 3497 74
759 3437 786 3496 4.
843 3435 900 3494 1444
912 3435 1063 3495 Ecclesiae
1074 3433 1386 3515 perchrodogangum
1399 3437 1480 3497 illato
1493 3437 1563 3500 vide

54 3532 133 3593 dcta
150 3532 329 3592 Sanctorum
344 3530 381 3590 ad
399 3535 521 3590 4444444
537 3529 617 3589 diem
628 3531 741 3605 Martii,
753 3535 784 3588 et
842 3529 961 3588 Henrici
982 3528 1140 3589 Warthoui
1157 3529 1324 3589 auctarium
1346 3529 1383 3590 ad
1405 3531 1562 3593 Usserium

55 3624 135 3686 Acta
151 3625 329 3685 Sanctorum
344 3623 528 3683 Benedictio.
548 3623 615 3683 Sec.
630 3624 679 3682 lll.
699 3625 785 3683 Parte
840 3620 878 3682 de
895 3623 988 3682 sacris
1002 3621 1174 3683 vernaculis
1192 3639 1256 3701 pag.
1273 3623 1343 3684 358.
1534 3630 1538 3638 ’

56 3720 88 3780 2.
106 3735 173 3797 pag.
189 3717 257 3779 204.
276 3722 307 3775 44
326 3715 392 3776 Vita
406 3714 617 3795 chrodegangi
625 3734 663 3776 ex
678 3715 785 3779 Codice
880 3713 1289 3795 CHROMdTlUquuilejae
1300 3719 1326 3794 4)
1338 3719 1506 3800 Episcopus
1518 3720 1563 3781 in·

58 3811 178 3872 Saeculi
196 3811 265 3870 Xlll
281 3808 546 3888 Guelphe‘rbytano
558 3807 638 3868 edita
649 3806 786 3876 alohan·
839 3815 886 3869 ter
898 3810 1062 3888 Episcopos
1079 3811 1126 3871 sui
1143 3813 1287 3888 temporis
1305 3815 1516 3874 sanctissimos
1533 3814 1562 3891 44)

56 3904 231 3982 noceorgio
242 3901 375 3963 Eccardo
387 3903 683 3980 tomolscriptorum
695 3902 785 3966 war·
839 3902 1114 3981 doctissimosque:
1133 3907 1249 3964 amicus
1263 3904 1413 3964 Ambrosii
1430 3907 1477 3983 c),
1498 3909 1566 3968 Hie-

57 3997 305 4075 tzeburgensium
325 4013 391 4075 pag.
410 3996 478 4056 942.
496 3997 643 4056 1414444444
660 3995 784 4056 11444444-
837 3999 972 4073 4444444,
989 3999 1059 4073 (444
1075 4013 1164 4075 saepe
1178 3997 1246 4073 ejus
1262 4013 1332 4056 cum
1350 3998 1440 4059 laude
1457 4002 1563 4060 memi-

60 4106 107 4163 se,
126 4091 294 4167 Episcopus
304 4088 563 4162 Madaurensis,in
578 4088 700 4148 historia
714 4089 784 4166 Epi·
838 4094 901 4164 nit,
924 4091 1151 4168 Salomonisque
1173 4091 1263 4150 libros
1284 4107 1322 4150 ex
1346 4093 1440 4153 LXX.
1456 4110 1562 4154 versos

55 4199 215 4260 scoparum
243 4184 422 4242 Metensium
450 4181 562 4240 Gallice
588 4178 669 4240 edita
694 4183 781 4241 illeiis
836 4187 862 4245 ei
880 4190 911 4243 et
929 4182 1086 4244 Heliodoro
1100 4182 1289 4260 dedicavit),
1307 4184 1515 4263 chrysostomi
1532 4187 1561 4263 d)

56 4276 151 4349 4634,
170 4273 237 4351 441.)
253 4275 380 4353 Scripsit
389 4271 534 4352 liepulum
546 4273 670 4334 clericis
681 4272 782 4333 obser·
836 4284 867 4338 ei
884 4277 1001 4356 4144441,
1018 4278 1067 4338 444
1084 4293 1154 4338 cum
1172 4279 1279 4337 Jovino
1297 4285 1328 4338 et
1344 4279 1474 4340 Eusebio
1491 4282 1563 4343 cre-

52 4368 188 4431 vandam
204 4369 409 4442 114444444444,
427 4375 457 4427 44
479 4369 508 4426 44
531 4369 635 4428 multis
653 4368 780 4443 vestigia
836 4373 987 4448 monensi,
1005 4373 1083 4431 circa
1096 4371 1217 4432 donum
1237 4371 1305 4432 370.
1323 4391 1393 4434 cum
1411 4381 1493 4436 esset
1509 4375 1561 4435 ba-

57 4462 211 4541 legentem
232 4460 353 4540 regulae
370 4460 399 4520 S.
417 4459 579 4520 Benedicti.
601 4460 703 4521 Edidit
721 4461 780 4519 Lu·
835 4466 986 4542 ptizatus‚
1010 4470 1101 4543 puter
1119 4471 1147 4525 et
1166 4464 1267 4526 doctor
1288 4463 1415 4547 symboli
1433 4482 1471 4528 uc
1488 4466 1561 4547 fidei

54 4553 778 4631 cusDoebeiasdistinctamincapitaLXXXVl.
838 4557 908 4633 4444,
926 4559 1103 4619 4411444444
1121 4565 1251 4620 44444444
1266 4562 1287 4619 1.
1305 4563 1333 4620 44
1353 4562 1555 4621 Hieremiam.

54 4649 178 4709 Parisiis
195 4649 284 4722 4654,
304 4649 330 4707 4.
347 4653 418 4707 tom.
437 4648 449 4705 l
464 4647 608 4726 spicilegii
623 4647 690 4726 ‘pag
709 4648 777 4707 205.

53 4743 169 4816 (novae
187 4739 325 4800 editionis
343 4747 414 4799 tom.
433 4742 445 4801 l
462 4758 528 4820 pag.
547 4741 631 4816 565.)
653 4741 706 4801 440
726 4741 779 4803 ali·
849 4776 850 4779 ¹
877 4742 981 4805 411144
998 4743 1125 4794 labbeum
1142 4750 1205 4794 t⁰¹1¹·
1224 4747 1252 4804 Ι,
1272 4757 1331 4807 444·
1349 4744 1397 4793 444
1412 4756 1466 4807 ⁸0¹1·

878 4817 905 4878 b)
922 4821 1026 4869 iiieron.
1045 4819 1151 4881 praelat.
1171 4822 1196 4869 in
1215 4821 1370 4882 Paralipom.

876 4893 902 4956 c)
918 4894 1064 4944 ambrosius
1081 4897 1161 4956 Epist.
1183 4895 1215 4943 57
1231 4893 1262 4942 sd
1279 4895 1462 4946 Chromatium.

105 4965 132 5026 a)
147 4967 210 5016 Vide
226 4967 343 5018 carolum
359 4968 381 5017 ie
393 4968 481 5018 cointe
493 4973 554 5019 tom.
566 4971 595 5018 v.
603 4965 693 5021 44441.
704 4971 785 5019 Fran·
875 4969 902 5030 d)
920 4969 1047 5030 64444444.
1063 4972 1143 5031 Epist.
1159 4968 1222 5031 455,
1235 4975 1296 5020 tom.
1311 4973 1364 5033 414,
1377 4970 1500 5021 editionis
1515 4983 1566 5019 no·

50 5052 146 5093 corum
163 5052 220 5102 pag.
237 5041 277 5091 74.
368 5111 372 5114 ἥ
830 5055 879 5095 vae
897 5056 955 5107 pag.
971 5044 1028 5095 689.
1045 5044 1164 5097 nunnus.
