<?xml version="1.0" encoding="UTF-8"?>
<!DOCTYPE html PUBLIC "-//W3C//DTD XHTML 1.0 Transitional//EN"
    "http://www.w3.org/TR/xhtml1/DTD/xhtml1-transitional.dtd">
<html xmlns="http://www.w3.org/1999/xhtml" xml:lang="en" lang="en">
 <head>
  <title>
</title>
<meta http-equiv="Content-Type" content="text/html;charset=utf-8" />
  <meta name='ocr-system' content='tesseract 3.04.00' />
  <meta name='ocr-capabilities' content='ocr_page ocr_carea ocr_par ocr_line ocrx_word'/>
</head>
<body>
  <div class='ocr_page' id='page_1' title='image "./bibliothecalati00gallgoog/bibliothecalati00gallgoog_0168.png"; bbox 0 0 3458 5332; ppageno 0'>
   <div class='ocr_carea' id='block_1_1' title="bbox 638 302 1567 373">
    <p class='ocr_par' dir='ltr' id='par_1_1' title="bbox 638 302 1567 373">
     <span class='ocr_line' id='line_1_1' title="bbox 638 302 1567 373; baseline -0.003 -6"><span class='ocrx_word' id='word_1_1' title='bbox 638 302 991 373; x_wconf 56' lang='lat' dir='ltr'><strong><em>srtcttbnttts</em></strong></span> <span class='ocrx_word' id='word_1_2' title='bbox 1510 302 1567 365; x_wconf 80' lang='lat'><strong><em>151</em></strong></span> 
     </span>
    </p>
   </div>
   <div class='ocr_carea' id='block_1_2' title="bbox 49 404 1602 1055">
    <p class='ocr_par' dir='ltr' id='par_1_2' title="bbox 49 404 1602 1055">
     <span class='ocr_line' id='line_1_2' title="bbox 51 404 1572 507; baseline -0.002 -28"><span class='ocrx_word' id='word_1_3' title='bbox 51 406 185 507; x_wconf 68' lang='lat' dir='ltr'><strong><em>protullt</em></strong></span> <span class='ocrx_word' id='word_1_4' title='bbox 200 404 433 488; x_wconf 79' lang='lat' dir='ltr'><strong><em>&#39;illustravitque</em></strong></span> <span class='ocrx_word' id='word_1_5' title='bbox 450 410 541 485; x_wconf 89' lang='lat' dir='ltr'><strong><em>notis,</em></strong></span> <span class='ocrx_word' id='word_1_6' title='bbox 559 410 607 471; x_wconf 87' lang='lat' dir='ltr'><strong><em>vir</em></strong></span> <span class='ocrx_word' id='word_1_7' title='bbox 622 410 790 473; x_wconf 89' lang='lat' dir='ltr'><strong><em>eruditissi-</em></strong></span> <span class='ocrx_word' id='word_1_8' title='bbox 844 417 893 475; x_wconf 91' lang='lat' dir='ltr'><strong><em>nis</em></strong></span> <span class='ocrx_word' id='word_1_9' title='bbox 906 417 1016 477; x_wconf 87' lang='lat' dir='ltr'><strong><em>molem</em></strong></span> <span class='ocrx_word' id='word_1_10' title='bbox 1036 431 1103 475; x_wconf 89' lang='lat' dir='ltr'><strong><em>eam</em></strong></span> <span class='ocrx_word' id='word_1_11' title='bbox 1124 430 1292 491; x_wconf 76' lang='lat' dir='ltr'>exaequare</span> <span class='ocrx_word' id='word_1_12' title='bbox 1309 418 1449 475; x_wconf 87' lang='lat' dir='ltr'><strong><em>testatus.</em></strong></span> <span class='ocrx_word' id='word_1_13' title='bbox 1472 415 1506 475; x_wconf 93' lang='grc'><strong><em>46</em></strong></span> <span class='ocrx_word' id='word_1_14' title='bbox 1523 432 1572 476; x_wconf 88' lang='lat' dir='ltr'><strong><em>ea-</em></strong></span> 
     </span>
     <span class='ocr_line' id='line_1_3' title="bbox 49 504 1571 588; baseline -0.002 -16"><span class='ocrx_word' id='word_1_15' title='bbox 49 520 128 573; x_wconf 87' lang='lat' dir='ltr'><strong><em>mus</em></strong></span> <span class='ocrx_word' id='word_1_16' title='bbox 145 506 323 571; x_wconf 80' lang='grc' dir='ltr'><strong>4666νί666</strong></span> <span class='ocrx_word' id='word_1_17' title='bbox 335 504 486 565; x_wconf 85' lang='grc'><strong>66466466</strong></span> <span class='ocrx_word' id='word_1_18' title='bbox 511 504 690 566; x_wconf 85' lang='lat' dir='ltr'><strong><em>liuratorius</em></strong></span> <span class='ocrx_word' id='word_1_19' title='bbox 706 511 789 566; x_wconf 91' lang='lat' dir='ltr'><strong><em>tomo</em></strong></span> <span class='ocrx_word' id='word_1_20' title='bbox 843 507 912 569; x_wconf 88' lang='lat' dir='ltr'><strong><em>dem</em></strong></span> <span class='ocrx_word' id='word_1_21' title='bbox 930 508 1064 588; x_wconf 79' lang='lat' dir='ltr'>Epistola</span> <span class='ocrx_word' id='word_1_22' title='bbox 1078 513 1179 568; x_wconf 79' lang='grc'><strong>666464</strong></span> <span class='ocrx_word' id='word_1_23' title='bbox 1194 506 1249 566; x_wconf 89' lang='lat' dir='ltr'><strong><em>hoc</em></strong></span> <span class='ocrx_word' id='word_1_24' title='bbox 1264 504 1331 583; x_wconf 84' lang='lat' dir='ltr'><strong><em>rjus</em></strong></span> <span class='ocrx_word' id='word_1_25' title='bbox 1347 506 1447 585; x_wconf 87' lang='grc'><strong>666446</strong></span> <span class='ocrx_word' id='word_1_26' title='bbox 1463 506 1571 569; x_wconf 83' lang='lat' dir='ltr'><strong><em>tibera-</em></strong></span> 
     </span>
     <span class='ocr_line' id='line_1_4' title="bbox 50 594 1570 681; baseline -0.002 -17"><span class='ocrx_word' id='word_1_27' title='bbox 50 594 787 676; x_wconf 72' lang='grc'><strong>446666664666]4644666664,446646466.4698,</strong></span> <span class='ocrx_word' id='word_1_28' title='bbox 843 602 901 662; x_wconf 89' lang='grc'><strong>4466</strong></span> <span class='ocrx_word' id='word_1_29' title='bbox 927 604 1129 681; x_wconf 87' lang='lat' dir='ltr'><strong><em>promissum:</em></strong></span> <span class='ocrx_word' id='word_1_30' title='bbox 1158 600 1283 662; x_wconf 83' lang='lat' dir='ltr'><strong><em>Certum</em></strong></span> <span class='ocrx_word' id='word_1_31' title='bbox 1307 605 1350 660; x_wconf 84' lang='lat' dir='ltr'><strong><em>est</em></strong></span> <span class='ocrx_word' id='word_1_32' title='bbox 1376 598 1468 674; x_wconf 85' lang='lat' dir='ltr'><strong><em>mibi,</em></strong></span> <span class='ocrx_word' id='word_1_33' title='bbox 1489 601 1570 680; x_wconf 87' lang='lat' dir='ltr'><strong><em>qnod</em></strong></span> 
     </span>
     <span class='ocr_line' id='line_1_5' title="bbox 51 690 1571 776; baseline -0.002 -19"><span class='ocrx_word' id='word_1_34' title='bbox 51 697 84 757; x_wconf 83' lang='grc'><strong><em>4.</em></strong></span> <span class='ocrx_word' id='word_1_35' title='bbox 98 694 249 756; x_wconf 74' lang='lat' dir='ltr'><strong><em>bachiarii</em></strong></span> <span class='ocrx_word' id='word_1_36' title='bbox 277 692 463 754; x_wconf 70' lang='lat' dir='ltr'><strong>sententiam</strong></span> <span class='ocrx_word' id='word_1_37' title='bbox 489 690 527 752; x_wconf 88' lang='lat' dir='ltr'><strong><em>de</em></strong></span> <span class='ocrx_word' id='word_1_38' title='bbox 552 693 735 770; x_wconf 84' lang='grc'><strong>6666446666</strong></span> <span class='ocrx_word' id='word_1_39' title='bbox 756 699 788 752; x_wconf 91' lang='grc'><strong><em>64</em></strong></span> <span class='ocrx_word' id='word_1_40' title='bbox 842 693 925 776; x_wconf 73' lang='lat' dir='ltr'><strong><em>infra</em></strong></span> <span class='ocrx_word' id='word_1_41' title='bbox 946 699 1007 755; x_wconf 83' lang='lat' dir='ltr'><strong><em>tres</em></strong></span> <span class='ocrx_word' id='word_1_42' title='bbox 1023 693 1086 754; x_wconf 77' lang='lat' dir='ltr'><strong><em>dies</em></strong></span> <span class='ocrx_word' id='word_1_43' title='bbox 1102 709 1154 771; x_wconf 83' lang='lat' dir='ltr'><strong><em>eqo</em></strong></span> <span class='ocrx_word' id='word_1_44' title='bbox 1174 709 1379 773; x_wconf 76' lang='lat' dir='ltr'><strong><em>quemcunque</em></strong></span> <span class='ocrx_word' id='word_1_45' title='bbox 1399 692 1571 773; x_wconf 77' lang='lat' dir='ltr'><strong><em>diligentem</em></strong></span> 
     </span>
     <span class='ocr_line' id='line_1_6' title="bbox 51 777 1572 867; baseline -0.003 -16"><span class='ocrx_word' id='word_1_46' title='bbox 51 785 158 851; x_wconf 84' lang='lat' dir='ltr'><strong><em>salute</em></strong></span> <span class='ocrx_word' id='word_1_47' title='bbox 170 786 341 849; x_wconf 87' lang='lat' dir='ltr'><strong><em>Salomonis</em></strong></span> <span class='ocrx_word' id='word_1_48' title='bbox 353 785 441 847; x_wconf 80' lang='lat' dir='ltr'><strong><em>ail&#39;ert</em></strong></span> <span class='ocrx_word' id='word_1_49' title='bbox 450 784 612 846; x_wconf 87' lang='lat' dir='ltr'><strong><em>Fulbertus</em></strong></span> <span class='ocrx_word' id='word_1_50' title='bbox 623 787 788 848; x_wconf 77' lang='grc'><strong>446666466-</strong></span> <span class='ocrx_word' id='word_1_51' title='bbox 842 792 872 847; x_wconf 91' lang='lat' dir='ltr'><strong><em>et</em></strong></span> <span class='ocrx_word' id='word_1_52' title='bbox 885 786 1075 867; x_wconf 74' lang='lat' dir='ltr'><strong><em>confidentem</em></strong></span> <span class='ocrx_word' id='word_1_53' title='bbox 1084 785 1219 846; x_wconf 85' lang='lat' dir='ltr'><strong><em>docerem</em></strong></span> <span class='ocrx_word' id='word_1_54' title='bbox 1232 784 1418 863; x_wconf 82' lang='lat' dir='ltr'><strong><em>Hebraeum,</em></strong></span> <span class='ocrx_word' id='word_1_55' title='bbox 1430 777 1466 848; x_wconf 88' lang='lat' dir='ltr'><strong><em>ut</em></strong></span> <span class='ocrx_word' id='word_1_56' title='bbox 1477 786 1572 849; x_wconf 87' lang='lat' dir='ltr'><strong><em>sciret</em></strong></span> 
     </span>
     <span class='ocr_line' id='line_1_7' title="bbox 51 877 1602 967; baseline -0.001 -24"><span class='ocrx_word' id='word_1_57' title='bbox 51 883 100 943; x_wconf 81' lang='lat' dir='ltr'><strong><em>sis</em></strong></span> <span class='ocrx_word' id='word_1_58' title='bbox 115 882 216 961; x_wconf 79' lang='lat' dir='ltr'><strong><em>Epist</em></strong></span> <span class='ocrx_word' id='word_1_59' title='bbox 232 881 282 942; x_wconf 91' lang='grc'><strong><em>84.</em></strong></span> <span class='ocrx_word' id='word_1_60' title='bbox 292 880 414 956; x_wconf 79' lang='lat' dir='ltr'><strong><em>Nescio,</em></strong></span> <span class='ocrx_word' id='word_1_61' title='bbox 425 877 506 940; x_wconf 89' lang='grc'><strong>6666</strong></span> <span class='ocrx_word' id='word_1_62' title='bbox 518 877 651 939; x_wconf 82' lang='lat' dir='ltr'><strong><em>hauserit</em></strong></span> <span class='ocrx_word' id='word_1_63' title='bbox 668 881 787 941; x_wconf 86' lang='lat' dir='ltr'><strong><em>Pitseus</em></strong></span> <span class='ocrx_word' id='word_1_64' title='bbox 842 879 938 959; x_wconf 84' lang='lat' dir='ltr'><strong><em>tepere</em></strong></span> <span class='ocrx_word' id='word_1_65' title='bbox 954 885 984 941; x_wconf 90' lang='lat' dir='ltr'><strong><em>et</em></strong></span> <span class='ocrx_word' id='word_1_66' title='bbox 999 878 1163 958; x_wconf 78' lang='lat' dir='ltr'><strong><em>intelligere</em></strong></span> <span class='ocrx_word' id='word_1_67' title='bbox 1179 879 1322 959; x_wconf 82' lang='lat' dir='ltr'><strong><em>quicquid</em></strong></span> <span class='ocrx_word' id='word_1_68' title='bbox 1337 881 1444 941; x_wconf 87' lang='grc'><strong>866644</strong></span> <span class='ocrx_word' id='word_1_69' title='bbox 1466 879 1572 943; x_wconf 86' lang='lat' dir='ltr'><strong><em>dicunt</em></strong></span> <span class='ocrx_word' id='word_1_70' title='bbox 1594 954 1602 967; x_wconf 37' lang='grc' dir='ltr'><strong><em>ι</em></strong></span> 
     </span>
     <span class='ocr_line' id='line_1_8' title="bbox 51 971 1571 1055; baseline 0 -20"><span class='ocrx_word' id='word_1_71' title='bbox 51 990 123 1055; x_wconf 76' lang='lat' dir='ltr'><strong><em>pag.</em></strong></span> <span class='ocrx_word' id='word_1_72' title='bbox 141 974 182 1035; x_wconf 88' lang='grc'><strong><em>68</em></strong></span> <span class='ocrx_word' id='word_1_73' title='bbox 197 980 230 1034; x_wconf 88' lang='grc'><strong><em>64</em></strong></span> <span class='ocrx_word' id='word_1_74' title='bbox 246 973 356 1034; x_wconf 82' lang='lat' dir='ltr'><strong><em>baleus</em></strong></span> <span class='ocrx_word' id='word_1_75' title='bbox 376 974 491 1034; x_wconf 79' lang='lat' dir='ltr'><strong><em>(lentur</em></strong></span> <span class='ocrx_word' id='word_1_76' title='bbox 507 972 534 1046; x_wconf 92' lang='grc'><strong><em>4,</em></strong></span> <span class='ocrx_word' id='word_1_77' title='bbox 562 973 614 1050; x_wconf 90' lang='lat' dir='ltr'><strong><em>qui</em></strong></span> <span class='ocrx_word' id='word_1_78' title='bbox 642 971 788 1033; x_wconf 79' lang='lat' dir='ltr'><strong><em>Bacchia—</em></strong></span> <span class='ocrx_word' id='word_1_79' title='bbox 841 977 871 1032; x_wconf 86' lang='lat' dir='ltr'><strong><em>et</em></strong></span> <span class='ocrx_word' id='word_1_80' title='bbox 889 972 1045 1051; x_wconf 79' lang='lat' dir='ltr'><strong><em>Sapientes</em></strong></span> <span class='ocrx_word' id='word_1_81' title='bbox 1072 972 1192 1052; x_wconf 86' lang='lat' dir='ltr'><strong><em>antiqui</em></strong></span> <span class='ocrx_word' id='word_1_82' title='bbox 1217 972 1248 1033; x_wconf 84' lang='lat' dir='ltr'><strong><em>in</em></strong></span> <span class='ocrx_word' id='word_1_83' title='bbox 1271 971 1456 1052; x_wconf 68' lang='lat' dir='ltr'><strong><em>depositione</em></strong></span> <span class='ocrx_word' id='word_1_84' title='bbox 1483 974 1571 1035; x_wconf 74' lang='lat' dir='ltr'><strong><em>sacri</em></strong></span> 
     </span>
    </p>
   </div>
   <div class='ocr_carea' id='block_1_3' title="bbox 49 1056 1679 1146">
    <p class='ocr_par' dir='ltr' id='par_1_3' title="bbox 49 1056 1679 1146">
     <span class='ocr_line' id='line_1_9' title="bbox 49 1056 1679 1146; baseline 0.002 -19"><span class='ocrx_word' id='word_1_85' title='bbox 49 1066 139 1127; x_wconf 83' lang='lat' dir='ltr'><strong><em>rium</em></strong></span> <span class='ocrx_word' id='word_1_86' title='bbox 154 1066 331 1128; x_wconf 77' lang='lat' dir='ltr'><strong><em>Maccaerrm</em></strong></span> <span class='ocrx_word' id='word_1_87' title='bbox 350 1064 470 1125; x_wconf 86' lang='lat' dir='ltr'><strong><em>natione</em></strong></span> <span class='ocrx_word' id='word_1_88' title='bbox 481 1056 673 1140; x_wconf 76' lang='lat' dir='ltr'><strong><em>Britannum,</em></strong></span> <span class='ocrx_word' id='word_1_89' title='bbox 685 1067 716 1127; x_wconf 90' lang='lat' dir='ltr'><strong><em>S.</em></strong></span> <span class='ocrx_word' id='word_1_90' title='bbox 729 1066 787 1126; x_wconf 82' lang='lat' dir='ltr'><strong><em>Pa-</em></strong></span> <span class='ocrx_word' id='word_1_91' title='bbox 842 1070 947 1126; x_wconf 78' lang='lat' dir='ltr'><strong><em>temtus</em></strong></span> <span class='ocrx_word' id='word_1_92' title='bbox 957 1110 964 1142; x_wconf 86' lang='lat'><strong><em>,</em></strong></span> <span class='ocrx_word' id='word_1_93' title='bbox 976 1071 1007 1126; x_wconf 90' lang='lat' dir='ltr'><strong><em>et</em></strong></span> <span class='ocrx_word' id='word_1_94' title='bbox 1020 1065 1165 1145; x_wconf 87' lang='lat' dir='ltr'><strong><em>quicquid</em></strong></span> <span class='ocrx_word' id='word_1_95' title='bbox 1173 1065 1355 1146; x_wconf 87' lang='lat' dir='ltr'><strong><em>pertinetad</em></strong></span> <span class='ocrx_word' id='word_1_96' title='bbox 1367 1065 1449 1128; x_wconf 81' lang='grc'><strong>444466</strong></span> <span class='ocrx_word' id='word_1_97' title='bbox 1465 1072 1570 1129; x_wconf 72' lang='lat' dir='ltr'><strong><em>nutus</em></strong></span> <span class='ocrx_word' id='word_1_98' title='bbox 1673 1094 1679 1106; x_wconf 65' lang='lat'><strong><em>¹</em></strong></span> 
     </span>
    </p>
   </div>
   <div class='ocr_carea' id='block_1_4' title="bbox 49 1157 1582 4781">
    <p class='ocr_par' dir='ltr' id='par_1_4' title="bbox 49 1157 1582 4781">
     <span class='ocr_line' id='line_1_10' title="bbox 52 1157 1570 1240; baseline 0.002 -20"><span class='ocrx_word' id='word_1_99' title='bbox 52 1159 145 1221; x_wconf 84' lang='lat' dir='ltr'><strong><em>triaii</em></strong></span> <span class='ocrx_word' id='word_1_100' title='bbox 153 1157 338 1239; x_wconf 80' lang='lat' dir='ltr'><strong><em>discrprdum</em></strong></span> <span class='ocrx_word' id='word_1_101' title='bbox 354 1157 519 1238; x_wconf 87' lang='lat' dir='ltr'><strong><em>appellant,</em></strong></span> <span class='ocrx_word' id='word_1_102' title='bbox 530 1164 562 1218; x_wconf 90' lang='lat' dir='ltr'><strong><em>et</em></strong></span> <span class='ocrx_word' id='word_1_103' title='bbox 570 1158 680 1218; x_wconf 88' lang='lat' dir='ltr'><strong><em>librum</em></strong></span> <span class='ocrx_word' id='word_1_104' title='bbox 695 1161 786 1220; x_wconf 88' lang='lat' dir='ltr'><strong><em>etiam</em></strong></span> <span class='ocrx_word' id='word_1_105' title='bbox 843 1158 1059 1221; x_wconf 80' lang='lat' dir='ltr'><strong><em>correctionem</em></strong></span> <span class='ocrx_word' id='word_1_106' title='bbox 1087 1164 1117 1219; x_wconf 87' lang='lat' dir='ltr'><strong><em>et</em></strong></span> <span class='ocrx_word' id='word_1_107' title='bbox 1140 1158 1373 1240; x_wconf 72' lang='lat' dir='ltr'><strong><em>sapentiam,</em></strong></span> <span class='ocrx_word' id='word_1_108' title='bbox 1389 1159 1421 1223; x_wconf 85' lang='lat' dir='ltr'><strong><em>si</em></strong></span> <span class='ocrx_word' id='word_1_109' title='bbox 1434 1158 1523 1223; x_wconf 81' lang='lat' dir='ltr'><strong><em>uellet</em></strong></span> <span class='ocrx_word' id='word_1_110' title='bbox 1537 1178 1570 1223; x_wconf 87' lang='lat' dir='ltr'><strong><em>se</em></strong></span> 
     </span>
     <span class='ocr_line' id='line_1_11' title="bbox 50 1249 1572 1333; baseline -0.001 -20"><span class='ocrx_word' id='word_1_111' title='bbox 50 1250 92 1313; x_wconf 84' lang='lat' dir='ltr'><strong><em>de</em></strong></span> <span class='ocrx_word' id='word_1_112' title='bbox 103 1251 312 1332; x_wconf 77' lang='lat' dir='ltr'><strong><em>prognosticis</em></strong></span> <span class='ocrx_word' id='word_1_113' title='bbox 324 1249 518 1313; x_wconf 83' lang='lat' dir='ltr'><strong><em>natrbitatum</em></strong></span> <span class='ocrx_word' id='word_1_114' title='bbox 533 1252 561 1311; x_wconf 91' lang='grc'><strong><em>64</em></strong></span> <span class='ocrx_word' id='word_1_115' title='bbox 578 1251 725 1313; x_wconf 91' lang='lat' dir='ltr'><strong><em>tribuunt.</em></strong></span> <span class='ocrx_word' id='word_1_116' title='bbox 742 1254 786 1314; x_wconf 88' lang='lat' dir='ltr'><strong><em>De</em></strong></span> <span class='ocrx_word' id='word_1_117' title='bbox 841 1251 980 1313; x_wconf 87' lang='lat' dir='ltr'><strong><em>caecitare</em></strong></span> <span class='ocrx_word' id='word_1_118' title='bbox 991 1250 1154 1313; x_wconf 84' lang='lat' dir='ltr'><strong><em>secrmdum</em></strong></span> <span class='ocrx_word' id='word_1_119' title='bbox 1164 1250 1331 1312; x_wconf 84' lang='lat' dir='ltr'><strong><em>doctrinam</em></strong></span> <span class='ocrx_word' id='word_1_120' title='bbox 1342 1251 1455 1313; x_wconf 81' lang='lat' dir='ltr'><strong><em>datam</em></strong></span> <span class='ocrx_word' id='word_1_121' title='bbox 1465 1252 1572 1333; x_wconf 80' lang='lat' dir='ltr'><strong><em>Etper</em></strong></span> 
     </span>
     <span class='ocr_line' id='line_1_12' title="bbox 49 1342 1573 1426; baseline 0.001 -20"><span class='ocrx_word' id='word_1_122' title='bbox 49 1344 193 1426; x_wconf 78' lang='lat' dir='ltr'><strong><em>Epistola</em></strong></span> <span class='ocrx_word' id='word_1_123' title='bbox 206 1344 244 1407; x_wconf 92' lang='grc'><strong><em>66</em></strong></span> <span class='ocrx_word' id='word_1_124' title='bbox 257 1346 436 1407; x_wconf 79' lang='lat' dir='ltr'><strong><em>ianuarium</em></strong></span> <span class='ocrx_word' id='word_1_125' title='bbox 451 1342 786 1426; x_wconf 78' lang='lat' dir='ltr'><strong><em>dereerpiendislapsis,</em></strong></span> <span class='ocrx_word' id='word_1_126' title='bbox 841 1349 903 1407; x_wconf 88' lang='lat' dir='ltr'><strong><em>tres</em></strong></span> <span class='ocrx_word' id='word_1_127' title='bbox 924 1344 988 1407; x_wconf 84' lang='lat' dir='ltr'><strong><em>dies</em></strong></span> <span class='ocrx_word' id='word_1_128' title='bbox 1009 1345 1104 1408; x_wconf 86' lang='lat' dir='ltr'><strong><em>sciret</em></strong></span> <span class='ocrx_word' id='word_1_129' title='bbox 1117 1344 1154 1407; x_wconf 90' lang='lat' dir='ltr'><strong><em>de</em></strong></span> <span class='ocrx_word' id='word_1_130' title='bbox 1178 1346 1294 1407; x_wconf 77' lang='lat' dir='ltr'><strong><em>Graeco</em></strong></span> <span class='ocrx_word' id='word_1_131' title='bbox 1320 1345 1444 1421; x_wconf 64' lang='lat' dir='ltr'><strong><em>iterum</em></strong></span> <span class='ocrx_word' id='word_1_132' title='bbox 1456 1351 1493 1406; x_wconf 88' lang='lat' dir='ltr'><strong><em>ut</em></strong></span> <span class='ocrx_word' id='word_1_133' title='bbox 1508 1365 1573 1408; x_wconf 87' lang='lat' dir='ltr'><strong><em>nou</em></strong></span> 
     </span>
     <span class='ocr_line' id='line_1_13' title="bbox 50 1435 1570 1521; baseline 0.003 -22"><span class='ocrx_word' id='word_1_134' title='bbox 50 1439 126 1500; x_wconf 84' lang='lat' dir='ltr'><strong><em>virle</em></strong></span> <span class='ocrx_word' id='word_1_135' title='bbox 148 1438 511 1517; x_wconf 63' lang='lat' dir='ltr'><strong><em>retransmisimus</em></strong></span> <span class='ocrx_word' id='word_1_136' title='bbox 701 1459 705 1464; x_wconf 94' lang='grc'><em>·</em></span> <span class='ocrx_word' id='word_1_137' title='bbox 841 1435 937 1498; x_wconf 87' lang='lat' dir='ltr'><strong><em>solum</em></strong></span> <span class='ocrx_word' id='word_1_138' title='bbox 955 1437 1049 1498; x_wconf 88' lang='lat' dir='ltr'><strong><em>sciret</em></strong></span> <span class='ocrx_word' id='word_1_139' title='bbox 1068 1437 1164 1518; x_wconf 78' lang='lat' dir='ltr'><strong><em>tegere</em></strong></span> <span class='ocrx_word' id='word_1_140' title='bbox 1184 1445 1216 1502; x_wconf 84' lang='lat' dir='ltr'><strong><em>et</em></strong></span> <span class='ocrx_word' id='word_1_141' title='bbox 1236 1437 1401 1518; x_wconf 74' lang='lat' dir='ltr'><strong><em>intelligere</em></strong></span> <span class='ocrx_word' id='word_1_142' title='bbox 1425 1438 1570 1521; x_wconf 83' lang='lat' dir='ltr'><strong><em>quicquid</em></strong></span> 
     </span>
     <span class='ocr_line' id='line_1_14' title="bbox 96 1530 1568 1614; baseline 0.001 -21"><span class='ocrx_word' id='word_1_143' title='bbox 96 1530 238 1595; x_wconf 75' lang='lat' dir='ltr'><strong><em>Tiberius</em></strong></span> <span class='ocrx_word' id='word_1_144' title='bbox 251 1532 489 1595; x_wconf 75' lang='lat' dir='ltr'><strong><em>unctuttmtts.</em></strong></span> <span class='ocrx_word' id='word_1_145' title='bbox 502 1532 784 1607; x_wconf 60' lang='lat' dir='ltr'><strong><em>intaminatus</em></strong></span> <span class='ocrx_word' id='word_1_146' title='bbox 836 1530 968 1610; x_wconf 81' lang='lat' dir='ltr'><strong><em>pertinet</em></strong></span> <span class='ocrx_word' id='word_1_147' title='bbox 977 1531 1019 1592; x_wconf 91' lang='lat' dir='ltr'><strong><em>ad</em></strong></span> <span class='ocrx_word' id='word_1_148' title='bbox 1026 1530 1218 1612; x_wconf 80' lang='lat' dir='ltr'><strong><em>Ttieotoqiam,</em></strong></span> <span class='ocrx_word' id='word_1_149' title='bbox 1230 1533 1284 1594; x_wconf 88' lang='lat' dir='ltr'><strong><em>sed</em></strong></span> <span class='ocrx_word' id='word_1_150' title='bbox 1291 1530 1568 1614; x_wconf 84' lang='lat' dir='ltr'><strong><em>adeitcsapbiam,</em></strong></span> 
     </span>
     <span class='ocr_line' id='line_1_15' title="bbox 91 1623 1570 1706; baseline 0 -18"><span class='ocrx_word' id='word_1_151' title='bbox 91 1628 231 1706; x_wconf 71' lang='grc'><strong>44666666</strong></span> <span class='ocrx_word' id='word_1_152' title='bbox 245 1625 422 1689; x_wconf 77' lang='grc'><strong>4466044448</strong></span> <span class='ocrx_word' id='word_1_153' title='bbox 436 1626 637 1687; x_wconf 86' lang='lat' dir='ltr'><strong><em>ilcestriensis</em></strong></span> <span class='ocrx_word' id='word_1_154' title='bbox 653 1628 785 1706; x_wconf 82' lang='lat' dir='ltr'><strong><em>hnglus,</em></strong></span> <span class='ocrx_word' id='word_1_155' title='bbox 841 1623 920 1685; x_wconf 88' lang='lat' dir='ltr'><strong><em>etad</em></strong></span> <span class='ocrx_word' id='word_1_156' title='bbox 935 1624 1083 1705; x_wconf 79' lang='lat' dir='ltr'><strong><em>Linqrram</em></strong></span> <span class='ocrx_word' id='word_1_157' title='bbox 1093 1627 1241 1688; x_wconf 82' lang='lat' dir='ltr'><strong><em>Latinam.</em></strong></span> <span class='ocrx_word' id='word_1_158' title='bbox 1251 1628 1418 1706; x_wconf 85' lang='lat' dir='ltr'><strong><em>Epistulam</em></strong></span> <span class='ocrx_word' id='word_1_159' title='bbox 1428 1628 1570 1690; x_wconf 85' lang='lat' dir='ltr'><strong><em>Clemen-</em></strong></span> 
     </span>
     <span class='ocr_line' id='line_1_16' title="bbox 50 1718 1569 1801; baseline 0.001 -20"><span class='ocrx_word' id='word_1_160' title='bbox 50 1722 169 1783; x_wconf 87' lang='lat' dir='ltr'><strong><em>summi</em></strong></span> <span class='ocrx_word' id='word_1_161' title='bbox 185 1722 239 1783; x_wconf 78' lang='lat' dir='ltr'><strong><em>Vir</em></strong></span> <span class='ocrx_word' id='word_1_162' title='bbox 261 1721 389 1800; x_wconf 85' lang='lat' dir='ltr'><strong><em>ingenii,</em></strong></span> <span class='ocrx_word' id='word_1_163' title='bbox 404 1726 436 1781; x_wconf 91' lang='lat' dir='ltr'><strong><em>et</em></strong></span> <span class='ocrx_word' id='word_1_164' title='bbox 451 1719 510 1780; x_wconf 92' lang='lat' dir='ltr'><strong><em>illis</em></strong></span> <span class='ocrx_word' id='word_1_165' title='bbox 530 1721 788 1799; x_wconf 67' lang='lat' dir='ltr'><strong><em>temporibusve</em></strong></span> <span class='ocrx_word' id='word_1_166' title='bbox 842 1720 881 1778; x_wconf 91' lang='lat' dir='ltr'><strong><em>tis</em></strong></span> <span class='ocrx_word' id='word_1_167' title='bbox 898 1718 936 1779; x_wconf 89' lang='lat' dir='ltr'><strong><em>lV</em></strong></span> <span class='ocrx_word' id='word_1_168' title='bbox 952 1718 989 1780; x_wconf 93' lang='grc'><strong><em>66</em></strong></span> <span class='ocrx_word' id='word_1_169' title='bbox 1006 1721 1155 1798; x_wconf 76' lang='lat' dir='ltr'><strong><em>hogerum</em></strong></span> <span class='ocrx_word' id='word_1_170' title='bbox 1174 1720 1208 1784; x_wconf 84' lang='grc' dir='ltr'><strong><em>Α.</em></strong></span> <span class='ocrx_word' id='word_1_171' title='bbox 1222 1722 1299 1783; x_wconf 89' lang='grc'><strong>4866</strong></span> <span class='ocrx_word' id='word_1_172' title='bbox 1317 1721 1418 1783; x_wconf 80' lang='grc'><strong>664664</strong></span> <span class='ocrx_word' id='word_1_173' title='bbox 1430 1721 1569 1801; x_wconf 85' lang='lat' dir='ltr'><strong><em>vulgarit</em></strong></span> 
     </span>
     <span class='ocr_line' id='line_1_17' title="bbox 52 1810 1567 1889; baseline 0.001 -14"><span class='ocrx_word' id='word_1_174' title='bbox 52 1820 124 1875; x_wconf 88' lang='lat' dir='ltr'><strong><em>ctor</em></strong></span> <span class='ocrx_word' id='word_1_175' title='bbox 138 1812 293 1876; x_wconf 86' lang='lat' dir='ltr'><strong><em>mirabitis</em></strong></span> <span class='ocrx_word' id='word_1_176' title='bbox 305 1814 474 1889; x_wconf 89' lang='lat' dir='ltr'><strong><em>salutatus,</em></strong></span> <span class='ocrx_word' id='word_1_177' title='bbox 492 1812 564 1874; x_wconf 92' lang='lat' dir='ltr'><strong><em>obiit</em></strong></span> <span class='ocrx_word' id='word_1_178' title='bbox 580 1812 712 1875; x_wconf 80' lang='lat' dir='ltr'><strong><em>oxoniae</em></strong></span> <span class='ocrx_word' id='word_1_179' title='bbox 728 1813 788 1874; x_wconf 83' lang='lat' dir='ltr'><strong><em>iln.</em></strong></span> <span class='ocrx_word' id='word_1_180' title='bbox 841 1810 1022 1872; x_wconf 87' lang='lat' dir='ltr'><strong><em>Edmundus</em></strong></span> <span class='ocrx_word' id='word_1_181' title='bbox 1035 1814 1167 1874; x_wconf 85' lang='lat' dir='ltr'><strong><em>biartene</em></strong></span> <span class='ocrx_word' id='word_1_182' title='bbox 1188 1820 1270 1874; x_wconf 88' lang='lat' dir='ltr'><strong><em>tomo</em></strong></span> <span class='ocrx_word' id='word_1_183' title='bbox 1287 1815 1323 1874; x_wconf 92' lang='grc'><strong><em>44.</em></strong></span> <span class='ocrx_word' id='word_1_184' title='bbox 1344 1812 1567 1879; x_wconf 80' lang='grc'><strong>666666466646</strong></span> 
     </span>
     <span class='ocr_line' id='line_1_18' title="bbox 53 1904 1568 1988; baseline 0 -19"><span class='ocrx_word' id='word_1_185' title='bbox 53 1908 146 1970; x_wconf 88' lang='grc'><strong>4884.</strong></span> <span class='ocrx_word' id='word_1_186' title='bbox 158 1908 208 1968; x_wconf 80' lang='lat' dir='ltr'><strong><em>sel</em></strong></span> <span class='ocrx_word' id='word_1_187' title='bbox 221 1913 257 1970; x_wconf 92' lang='lat' dir='ltr'><strong><em>ut</em></strong></span> <span class='ocrx_word' id='word_1_188' title='bbox 271 1906 321 1969; x_wconf 91' lang='lat' dir='ltr'><strong><em>alii</em></strong></span> <span class='ocrx_word' id='word_1_189' title='bbox 337 1905 373 1968; x_wconf 86' lang='grc'><strong><em>6.</em></strong></span> <span class='ocrx_word' id='word_1_190' title='bbox 391 1907 470 1969; x_wconf 89' lang='grc'><strong>4898</strong></span> <span class='ocrx_word' id='word_1_191' title='bbox 484 1912 574 1967; x_wconf 86' lang='grc'><strong>66464.</strong></span> <span class='ocrx_word' id='word_1_192' title='bbox 589 1904 638 1967; x_wconf 93' lang='grc'><strong><em>78.</em></strong></span> <span class='ocrx_word' id='word_1_193' title='bbox 651 1905 689 1967; x_wconf 91' lang='grc'><strong><em>66</em></strong></span> <span class='ocrx_word' id='word_1_194' title='bbox 698 1904 788 1985; x_wconf 83' lang='lat' dir='ltr'><strong><em>cujus</em></strong></span> <span class='ocrx_word' id='word_1_195' title='bbox 843 1920 908 1981; x_wconf 79' lang='lat' dir='ltr'><strong><em>pag.</em></strong></span> <span class='ocrx_word' id='word_1_196' title='bbox 927 1904 986 1965; x_wconf 85' lang='grc'><strong><em>358</em></strong></span> <span class='ocrx_word' id='word_1_197' title='bbox 1003 1911 1034 1965; x_wconf 91' lang='grc'><strong><em>64</em></strong></span> <span class='ocrx_word' id='word_1_198' title='bbox 1050 1907 1155 1983; x_wconf 81' lang='lat' dir='ltr'><strong><em>hogeri</em></strong></span> <span class='ocrx_word' id='word_1_199' title='bbox 1176 1923 1251 1985; x_wconf 90' lang='lat' dir='ltr'><strong><em>opus</em></strong></span> <span class='ocrx_word' id='word_1_200' title='bbox 1272 1909 1372 1988; x_wconf 80' lang='lat' dir='ltr'><strong><em>majus</em></strong></span> <span class='ocrx_word' id='word_1_201' title='bbox 1387 1906 1424 1968; x_wconf 84' lang='lat' dir='ltr'><strong><em>de</em></strong></span> <span class='ocrx_word' id='word_1_202' title='bbox 1439 1906 1568 1969; x_wconf 83' lang='lat' dir='ltr'><strong><em>utilitate</em></strong></span> 
     </span>
     <span class='ocr_line' id='line_1_19' title="bbox 52 1991 1568 2081; baseline 0.002 -21"><span class='ocrx_word' id='word_1_203' title='bbox 52 2003 121 2063; x_wconf 84' lang='lat' dir='ltr'><strong><em>vita</em></strong></span> <span class='ocrx_word' id='word_1_204' title='bbox 137 2008 169 2062; x_wconf 89' lang='lat' dir='ltr'><strong><em>et</em></strong></span> <span class='ocrx_word' id='word_1_205' title='bbox 188 2002 310 2081; x_wconf 86' lang='lat' dir='ltr'><strong><em>seriptis</em></strong></span> <span class='ocrx_word' id='word_1_206' title='bbox 328 1998 480 2061; x_wconf 81' lang='lat' dir='ltr'><strong><em>Antonius</em></strong></span> <span class='ocrx_word' id='word_1_207' title='bbox 497 1998 592 2060; x_wconf 85' lang='lat' dir='ltr'><strong><em>Waod</em></strong></span> <span class='ocrx_word' id='word_1_208' title='bbox 609 2002 639 2060; x_wconf 92' lang='lat' dir='ltr'><strong><em>iu</em></strong></span> <span class='ocrx_word' id='word_1_209' title='bbox 659 1999 788 2061; x_wconf 84' lang='lat' dir='ltr'><strong><em>Athenis</em></strong></span> <span class='ocrx_word' id='word_1_210' title='bbox 842 1991 1058 2071; x_wconf 75' lang='lat' dir='ltr'><strong><em>scientiarum,</em></strong></span> <span class='ocrx_word' id='word_1_211' title='bbox 1076 1997 1155 2077; x_wconf 91' lang='lat' dir='ltr'><strong><em>quod</em></strong></span> <span class='ocrx_word' id='word_1_212' title='bbox 1170 1998 1208 2060; x_wconf 93' lang='lat' dir='ltr'><strong><em>ad</em></strong></span> <span class='ocrx_word' id='word_1_213' title='bbox 1222 1999 1410 2061; x_wconf 82' lang='lat' dir='ltr'><strong><em>Clementem</em></strong></span> <span class='ocrx_word' id='word_1_214' title='bbox 1424 2002 1464 2062; x_wconf 86' lang='lat' dir='ltr'><strong><em>tv</em></strong></span> <span class='ocrx_word' id='word_1_215' title='bbox 1479 2000 1568 2063; x_wconf 83' lang='lat' dir='ltr'><strong><em>nnno</em></strong></span> 
     </span>
     <span class='ocr_line' id='line_1_20' title="bbox 53 2088 1569 2173; baseline 0.001 -18"><span class='ocrx_word' id='word_1_216' title='bbox 53 2101 88 2155; x_wconf 89' lang='lat' dir='ltr'><strong><em>et</em></strong></span> <span class='ocrx_word' id='word_1_217' title='bbox 104 2094 136 2155; x_wconf 89' lang='lat' dir='ltr'><strong><em>in</em></strong></span> <span class='ocrx_word' id='word_1_218' title='bbox 152 2092 395 2173; x_wconf 75' lang='lat' dir='ltr'><strong><em>Antiquitatibus</em></strong></span> <span class='ocrx_word' id='word_1_219' title='bbox 411 2092 634 2154; x_wconf 79' lang='lat' dir='ltr'><strong><em>oxoniensibus</em></strong></span> <span class='ocrx_word' id='word_1_220' title='bbox 649 2110 716 2172; x_wconf 86' lang='lat' dir='ltr'><strong><em>pag.</em></strong></span> <span class='ocrx_word' id='word_1_221' title='bbox 729 2094 786 2154; x_wconf 86' lang='grc'><strong><em>436</em></strong></span> <span class='ocrx_word' id='word_1_222' title='bbox 843 2088 922 2151; x_wconf 90' lang='grc'><strong>4867</strong></span> <span class='ocrx_word' id='word_1_223' title='bbox 939 2091 1036 2162; x_wconf 87' lang='lat' dir='ltr'><strong><em>misit,</em></strong></span> <span class='ocrx_word' id='word_1_224' title='bbox 1054 2093 1189 2170; x_wconf 82' lang='lat' dir='ltr'><strong><em>proxime</em></strong></span> <span class='ocrx_word' id='word_1_225' title='bbox 1203 2108 1221 2152; x_wconf 90' lang='lat' dir='ltr'><strong><em>a</em></strong></span> <span class='ocrx_word' id='word_1_226' title='bbox 1237 2093 1403 2154; x_wconf 89' lang='lat' dir='ltr'><strong><em>clarissima</em></strong></span> <span class='ocrx_word' id='word_1_227' title='bbox 1426 2095 1496 2157; x_wconf 87' lang='lat' dir='ltr'><strong><em>Viro</em></strong></span> <span class='ocrx_word' id='word_1_228' title='bbox 1513 2096 1569 2156; x_wconf 90' lang='lat' dir='ltr'><strong><em>Sa·</em></strong></span> 
     </span>
     <span class='ocr_line' id='line_1_21' title="bbox 55 2182 1567 2267; baseline 0.001 -20"><span class='ocrx_word' id='word_1_229' title='bbox 55 2188 234 2266; x_wconf 80' lang='lat' dir='ltr'><strong><em>seq.·bucas</em></strong></span> <span class='ocrx_word' id='word_1_230' title='bbox 245 2184 436 2265; x_wconf 86' lang='lat' dir='ltr'><strong><em>Waddingus</em></strong></span> <span class='ocrx_word' id='word_1_231' title='bbox 447 2187 476 2244; x_wconf 91' lang='grc'><strong><em>46</em></strong></span> <span class='ocrx_word' id='word_1_232' title='bbox 488 2184 656 2246; x_wconf 79' lang='lat' dir='ltr'><strong><em>Annalibus</em></strong></span> <span class='ocrx_word' id='word_1_233' title='bbox 665 2185 787 2246; x_wconf 88' lang='lat' dir='ltr'><strong><em>Ordinis</em></strong></span> <span class='ocrx_word' id='word_1_234' title='bbox 844 2182 943 2243; x_wconf 83' lang='grc'><strong>466646</strong></span> <span class='ocrx_word' id='word_1_235' title='bbox 969 2184 1072 2244; x_wconf 82' lang='lat' dir='ltr'><strong><em>trbbio</em></strong></span> <span class='ocrx_word' id='word_1_236' title='bbox 1094 2185 1111 2221; x_wconf 69' lang='lat'>⁸</span> <span class='ocrx_word' id='word_1_237' title='bbox 1131 2184 1254 2245; x_wconf 88' lang='lat' dir='ltr'><strong><em>Londini</em></strong></span> <span class='ocrx_word' id='word_1_238' title='bbox 1283 2184 1434 2247; x_wconf 86' lang='lat' dir='ltr'><strong><em>edendum</em></strong></span> <span class='ocrx_word' id='word_1_239' title='bbox 1460 2187 1567 2267; x_wconf 90' lang='grc'><strong>666466</strong></span> 
     </span>
     <span class='ocr_line' id='line_1_22' title="bbox 54 2275 1568 2355; baseline -0.001 -14"><span class='ocrx_word' id='word_1_240' title='bbox 54 2281 205 2341; x_wconf 87' lang='lat' dir='ltr'><strong><em>blinorum</em></strong></span> <span class='ocrx_word' id='word_1_241' title='bbox 223 2279 261 2341; x_wconf 89' lang='lat' dir='ltr'><strong><em>ad</em></strong></span> <span class='ocrx_word' id='word_1_242' title='bbox 277 2276 400 2341; x_wconf 79' lang='grc'><strong>666646</strong></span> <span class='ocrx_word' id='word_1_243' title='bbox 418 2279 496 2340; x_wconf 88' lang='grc'><strong>4866</strong></span> <span class='ocrx_word' id='word_1_244' title='bbox 507 2285 539 2339; x_wconf 89' lang='grc'><strong><em>64</em></strong></span> <span class='ocrx_word' id='word_1_245' title='bbox 550 2277 637 2340; x_wconf 89' lang='grc'><strong>4878.</strong></span> <span class='ocrx_word' id='word_1_246' title='bbox 653 2283 685 2339; x_wconf 97' lang='grc'><strong><em>64</em></strong></span> <span class='ocrx_word' id='word_1_247' title='bbox 700 2280 728 2338; x_wconf 92' lang='grc'><strong><em>46</em></strong></span> <span class='ocrx_word' id='word_1_248' title='bbox 739 2281 787 2339; x_wconf 85' lang='grc'><strong>444-</strong></span> <span class='ocrx_word' id='word_1_249' title='bbox 842 2284 1066 2355; x_wconf 80' lang='lat' dir='ltr'><strong><em>exspectamus.</em></strong></span> <span class='ocrx_word' id='word_1_250' title='bbox 1084 2275 1216 2338; x_wconf 86' lang='lat' dir='ltr'><strong><em>Ltberde</em></strong></span> <span class='ocrx_word' id='word_1_251' title='bbox 1229 2277 1424 2341; x_wconf 87' lang='lat' dir='ltr'><strong><em>retardandis</em></strong></span> <span class='ocrx_word' id='word_1_252' title='bbox 1434 2284 1568 2340; x_wconf 84' lang='lat' dir='ltr'><strong><em>senectu-</em></strong></span> 
     </span>
     <span class='ocr_line' id='line_1_23' title="bbox 51 2368 1570 2453; baseline 0.001 -20"><span class='ocrx_word' id='word_1_253' title='bbox 51 2372 203 2435; x_wconf 86' lang='lat' dir='ltr'><strong><em>bliotheca</em></strong></span> <span class='ocrx_word' id='word_1_254' title='bbox 218 2370 358 2451; x_wconf 82' lang='lat' dir='ltr'><strong><em>ejusdem</em></strong></span> <span class='ocrx_word' id='word_1_255' title='bbox 370 2370 492 2434; x_wconf 88' lang='lat' dir='ltr'><strong><em>Ordinis</em></strong></span> <span class='ocrx_word' id='word_1_256' title='bbox 505 2389 571 2451; x_wconf 91' lang='lat' dir='ltr'><strong><em>pag.</em></strong></span> <span class='ocrx_word' id='word_1_257' title='bbox 588 2373 646 2431; x_wconf 86' lang='grc'><strong><em>399</em></strong></span> <span class='ocrx_word' id='word_1_258' title='bbox 658 2388 721 2451; x_wconf 87' lang='lat' dir='ltr'><strong><em>seq.</em></strong></span> <span class='ocrx_word' id='word_1_259' title='bbox 735 2374 787 2432; x_wconf 88' lang='lat' dir='ltr'><strong><em>Jo-</em></strong></span> <span class='ocrx_word' id='word_1_260' title='bbox 843 2368 880 2430; x_wconf 90' lang='lat' dir='ltr'><strong><em>tis</em></strong></span> <span class='ocrx_word' id='word_1_261' title='bbox 889 2369 1091 2433; x_wconf 80' lang='grc'><strong>6664666446446</strong></span> <span class='ocrx_word' id='word_1_262' title='bbox 1097 2376 1127 2431; x_wconf 82' lang='grc'><strong><em>64</em></strong></span> <span class='ocrx_word' id='word_1_263' title='bbox 1135 2368 1273 2433; x_wconf 86' lang='lat' dir='ltr'><strong><em>sensibus</em></strong></span> <span class='ocrx_word' id='word_1_264' title='bbox 1284 2371 1570 2453; x_wconf 74' lang='grc'><strong>66664466666666-</strong></span> 
     </span>
     <span class='ocr_line' id='line_1_24' title="bbox 55 2462 1568 2547; baseline 0 -20"><span class='ocrx_word' id='word_1_265' title='bbox 55 2482 151 2531; x_wconf 87' lang='lat' dir='ltr'><strong><em>annes</em></strong></span> <span class='ocrx_word' id='word_1_266' title='bbox 179 2464 334 2528; x_wconf 86' lang='lat' dir='ltr'><strong><em>Lelaudus</em></strong></span> <span class='ocrx_word' id='word_1_267' title='bbox 346 2481 373 2526; x_wconf 88' lang='lat' dir='ltr'><strong><em>c.</em></strong></span> <span class='ocrx_word' id='word_1_268' title='bbox 391 2464 450 2526; x_wconf 88' lang='grc'><strong><em>836</em></strong></span> <span class='ocrx_word' id='word_1_269' title='bbox 477 2465 588 2526; x_wconf 82' lang='grc'><strong>4464666</strong></span> <span class='ocrx_word' id='word_1_270' title='bbox 605 2466 643 2526; x_wconf 87' lang='lat' dir='ltr'><strong><em>lv</em></strong></span> <span class='ocrx_word' id='word_1_271' title='bbox 661 2467 699 2526; x_wconf 80' lang='lat'><strong><em>55</em></strong></span> <span class='ocrx_word' id='word_1_272' title='bbox 715 2464 786 2542; x_wconf 83' lang='lat' dir='ltr'><strong><em>(ubi</em></strong></span> <span class='ocrx_word' id='word_1_273' title='bbox 842 2462 896 2523; x_wconf 89' lang='lat' dir='ltr'><strong><em>diit</em></strong></span> <span class='ocrx_word' id='word_1_274' title='bbox 912 2462 1044 2523; x_wconf 82' lang='lat' dir='ltr'><strong><em>oxoniae</em></strong></span> <span class='ocrx_word' id='word_1_275' title='bbox 1064 2465 1140 2525; x_wconf 88' lang='grc'><strong>4596</strong></span> <span class='ocrx_word' id='word_1_276' title='bbox 1162 2466 1190 2525; x_wconf 92' lang='grc'><strong>8.</strong></span> <span class='ocrx_word' id='word_1_277' title='bbox 1212 2465 1300 2545; x_wconf 76' lang='lat' dir='ltr'><strong><em>Apud</em></strong></span> <span class='ocrx_word' id='word_1_278' title='bbox 1323 2467 1487 2529; x_wconf 86' lang='lat' dir='ltr'><strong><em>Lelandum</em></strong></span> <span class='ocrx_word' id='word_1_279' title='bbox 1501 2484 1568 2547; x_wconf 85' lang='lat' dir='ltr'><strong><em>pag.</em></strong></span> 
     </span>
     <span class='ocr_line' id='line_1_25' title="bbox 56 2555 1569 2638; baseline 0.001 -19"><span class='ocrx_word' id='word_1_280' title='bbox 56 2560 168 2620; x_wconf 89' lang='lat' dir='ltr'><strong><em>omittit</em></strong></span> <span class='ocrx_word' id='word_1_281' title='bbox 178 2603 186 2633; x_wconf 92' lang='lat'><strong><em>,</em></strong></span> <span class='ocrx_word' id='word_1_282' title='bbox 196 2558 278 2638; x_wconf 87' lang='lat' dir='ltr'><strong><em>quod</em></strong></span> <span class='ocrx_word' id='word_1_283' title='bbox 294 2562 444 2620; x_wconf 81' lang='lat' dir='ltr'><strong><em>baconem</em></strong></span> <span class='ocrx_word' id='word_1_284' title='bbox 452 2556 720 2637; x_wconf 75' lang='lat' dir='ltr'><strong><em>praestigiatorem</em></strong></span> <span class='ocrx_word' id='word_1_285' title='bbox 734 2571 788 2618; x_wconf 81' lang='lat' dir='ltr'><strong><em>ro·</em></strong></span> <span class='ocrx_word' id='word_1_286' title='bbox 844 2555 903 2617; x_wconf 83' lang='grc'><strong><em>869</em></strong></span> <span class='ocrx_word' id='word_1_287' title='bbox 921 2557 951 2615; x_wconf 89' lang='grc'><strong><em>46</em></strong></span> <span class='ocrx_word' id='word_1_288' title='bbox 967 2556 1108 2632; x_wconf 78' lang='lat' dir='ltr'><strong><em>catalogo</em></strong></span> <span class='ocrx_word' id='word_1_289' title='bbox 1125 2559 1230 2635; x_wconf 86' lang='lat' dir='ltr'><strong><em>liogeri</em></strong></span> <span class='ocrx_word' id='word_1_290' title='bbox 1246 2558 1379 2637; x_wconf 86' lang='lat' dir='ltr'><strong><em>Operum</em></strong></span> <span class='ocrx_word' id='word_1_291' title='bbox 1407 2560 1569 2638; x_wconf 81' lang='lat' dir='ltr'><strong><em>legendum</em></strong></span> 
     </span>
     <span class='ocr_line' id='line_1_26' title="bbox 57 2645 1574 2733; baseline 0.001 -21"><span class='ocrx_word' id='word_1_292' title='bbox 57 2657 179 2713; x_wconf 86' lang='lat' dir='ltr'><strong><em>euverat</em></strong></span> <span class='ocrx_word' id='word_1_293' title='bbox 195 2654 225 2712; x_wconf 96' lang='grc'><strong><em>46</em></strong></span> <span class='ocrx_word' id='word_1_294' title='bbox 241 2652 407 2713; x_wconf 88' lang='lat' dir='ltr'><strong><em>summario</em></strong></span> <span class='ocrx_word' id='word_1_295' title='bbox 421 2649 459 2712; x_wconf 90' lang='grc'><strong><em>66</em></strong></span> <span class='ocrx_word' id='word_1_296' title='bbox 476 2651 677 2730; x_wconf 82' lang='lat' dir='ltr'><strong><em>scriptoribus</em></strong></span> <span class='ocrx_word' id='word_1_297' title='bbox 693 2650 787 2729; x_wconf 79' lang='lat' dir='ltr'><strong><em>majo</em></strong></span> <span class='ocrx_word' id='word_1_298' title='bbox 841 2646 877 2708; x_wconf 88' lang='lat' dir='ltr'><strong><em>de</em></strong></span> <span class='ocrx_word' id='word_1_299' title='bbox 891 2645 1032 2727; x_wconf 85' lang='lat' dir='ltr'><strong><em>operibus</em></strong></span> <span class='ocrx_word' id='word_1_300' title='bbox 1047 2649 1184 2710; x_wconf 88' lang='lat' dir='ltr'><strong><em>Naturae</em></strong></span> <span class='ocrx_word' id='word_1_301' title='bbox 1196 2649 1317 2713; x_wconf 80' lang='grc'><strong>66664446</strong></span> <span class='ocrx_word' id='word_1_302' title='bbox 1328 2697 1335 2728; x_wconf 95' lang='grc'><strong>,</strong></span> <span class='ocrx_word' id='word_1_303' title='bbox 1346 2653 1397 2714; x_wconf 84' lang='grc'><strong><em>664</em></strong></span> <span class='ocrx_word' id='word_1_304' title='bbox 1412 2670 1574 2733; x_wconf 75' lang='grc' dir='ltr'><strong><em>66666664Ι</em></strong></span> 
     </span>
     <span class='ocr_line' id='line_1_27' title="bbox 59 2740 1570 2824; baseline 0.003 -19"><span class='ocrx_word' id='word_1_305' title='bbox 59 2743 100 2805; x_wconf 85' lang='lat' dir='ltr'><strong><em>ris</em></strong></span> <span class='ocrx_word' id='word_1_306' title='bbox 121 2745 297 2807; x_wconf 86' lang='lat' dir='ltr'><strong><em>Britanniae</em></strong></span> <span class='ocrx_word' id='word_1_307' title='bbox 325 2744 406 2806; x_wconf 89' lang='grc'><strong>66446</strong></span> <span class='ocrx_word' id='word_1_308' title='bbox 429 2744 613 2824; x_wconf 78' lang='grc'><strong>6466666464</strong></span> <span class='ocrx_word' id='word_1_309' title='bbox 643 2745 720 2805; x_wconf 83' lang='grc'><strong>4548</strong></span> <span class='ocrx_word' id='word_1_310' title='bbox 739 2744 786 2820; x_wconf 80' lang='lat' dir='ltr'><strong><em>i.)</em></strong></span> <span class='ocrx_word' id='word_1_311' title='bbox 843 2740 991 2804; x_wconf 86' lang='lat' dir='ltr'><strong><em>excusum</em></strong></span> <span class='ocrx_word' id='word_1_312' title='bbox 1009 2748 1056 2803; x_wconf 87' lang='lat' dir='ltr'><strong><em>est</em></strong></span> <span class='ocrx_word' id='word_1_313' title='bbox 1067 2742 1103 2803; x_wconf 89' lang='lat' dir='ltr'><strong><em>de</em></strong></span> <span class='ocrx_word' id='word_1_314' title='bbox 1113 2741 1255 2822; x_wconf 81' lang='lat' dir='ltr'><strong><em>operibus</em></strong></span> <span class='ocrx_word' id='word_1_315' title='bbox 1268 2762 1327 2805; x_wconf 89' lang='lat' dir='ltr'><strong><em>non</em></strong></span> <span class='ocrx_word' id='word_1_316' title='bbox 1339 2744 1472 2810; x_wconf 77' lang='grc'><strong>66664446.</strong></span> <span class='ocrx_word' id='word_1_317' title='bbox 1483 2748 1570 2821; x_wconf 83' lang='lat' dir='ltr'><strong><em>Quod</em></strong></span> 
     </span>
     <span class='ocr_line' id='line_1_28' title="bbox 61 2820 1572 2919; baseline 0.002 -20"><span class='ocrx_word' id='word_1_318' title='bbox 61 2820 177 2899; x_wconf 74' lang='grc'><strong>4446666</strong></span> <span class='ocrx_word' id='word_1_319' title='bbox 203 2835 243 2899; x_wconf 88' lang='lat' dir='ltr'><strong><em>ad</em></strong></span> <span class='ocrx_word' id='word_1_320' title='bbox 259 2836 318 2898; x_wconf 78' lang='grc'><strong><em>66.</em></strong></span> <span class='ocrx_word' id='word_1_321' title='bbox 348 2838 425 2899; x_wconf 88' lang='grc'><strong>4884</strong></span> <span class='ocrx_word' id='word_1_322' title='bbox 443 2854 509 2917; x_wconf 89' lang='lat' dir='ltr'><strong><em>pag.</em></strong></span> <span class='ocrx_word' id='word_1_323' title='bbox 528 2836 596 2897; x_wconf 88' lang='grc'><strong>366.</strong></span> <span class='ocrx_word' id='word_1_324' title='bbox 622 2836 741 2898; x_wconf 84' lang='grc'><strong>44664466</strong></span> <span class='ocrx_word' id='word_1_325' title='bbox 756 2839 786 2898; x_wconf 90' lang='grc'><strong><em>46</em></strong></span> <span class='ocrx_word' id='word_1_326' title='bbox 843 2851 917 2894; x_wconf 88' lang='lat' dir='ltr'><strong><em>vero</em></strong></span> <span class='ocrx_word' id='word_1_327' title='bbox 932 2832 1156 2896; x_wconf 70' lang='lat' dir='ltr'><strong><em>antidotarium</em></strong></span> <span class='ocrx_word' id='word_1_328' title='bbox 1174 2838 1347 2901; x_wconf 83' lang='lat' dir='ltr'><strong><em>inscribitur</em></strong></span> <span class='ocrx_word' id='word_1_329' title='bbox 1367 2839 1447 2919; x_wconf 88' lang='lat' dir='ltr'><strong><em>apud</em></strong></span> <span class='ocrx_word' id='word_1_330' title='bbox 1464 2841 1572 2902; x_wconf 89' lang='lat' dir='ltr'><strong><em>Lelan-</em></strong></span> 
     </span>
     <span class='ocr_line' id='line_1_29' title="bbox 63 2922 1571 3013; baseline 0.003 -24"><span class='ocrx_word' id='word_1_331' title='bbox 63 2922 167 2991; x_wconf 81' lang='lat' dir='ltr'><strong><em>leriao</em></strong></span> <span class='ocrx_word' id='word_1_332' title='bbox 178 2940 191 3006; x_wconf 92' lang='grc'><strong><em>,·</em></strong></span> <span class='ocrx_word' id='word_1_333' title='bbox 200 2936 232 2991; x_wconf 88' lang='grc'><strong><em>64</em></strong></span> <span class='ocrx_word' id='word_1_334' title='bbox 245 2926 377 2991; x_wconf 76' lang='lat' dir='ltr'><strong><em>Cereus.</em></strong></span> <span class='ocrx_word' id='word_1_335' title='bbox 396 2928 422 2991; x_wconf 91' lang='grc' dir='ltr'>Α</span> <span class='ocrx_word' id='word_1_336' title='bbox 436 2930 561 2991; x_wconf 85' lang='lat' dir='ltr'><strong><em>crimine</em></strong></span> <span class='ocrx_word' id='word_1_337' title='bbox 572 2930 683 3008; x_wconf 82' lang='lat' dir='ltr'><strong><em>blagiaa</em></strong></span> <span class='ocrx_word' id='word_1_338' title='bbox 693 2931 787 3009; x_wconf 85' lang='lat' dir='ltr'><strong><em>liege-</em></strong></span> <span class='ocrx_word' id='word_1_339' title='bbox 842 2926 935 3003; x_wconf 87' lang='lat' dir='ltr'><strong><em>dum;</em></strong></span> <span class='ocrx_word' id='word_1_340' title='bbox 952 2929 1065 2998; x_wconf 73' lang='lat' dir='ltr'><strong><em>pitseo,</em></strong></span> <span class='ocrx_word' id='word_1_341' title='bbox 1083 2930 1186 3005; x_wconf 84' lang='lat' dir='ltr'><strong><em>Balsa,</em></strong></span> <span class='ocrx_word' id='word_1_342' title='bbox 1204 2929 1373 3013; x_wconf 85' lang='lat' dir='ltr'><strong><em>Waddingo</em></strong></span> <span class='ocrx_word' id='word_1_343' title='bbox 1383 2939 1432 2994; x_wconf 84' lang='lat' dir='ltr'><strong><em>est</em></strong></span> <span class='ocrx_word' id='word_1_344' title='bbox 1447 2930 1571 2994; x_wconf 78' lang='grc'><strong>664466</strong></span> 
     </span>
     <span class='ocr_line' id='line_1_30' title="bbox 64 3019 1569 3100; baseline 0.001 -15"><span class='ocrx_word' id='word_1_345' title='bbox 64 3038 126 3085; x_wconf 85' lang='lat' dir='ltr'><strong><em>rum</em></strong></span> <span class='ocrx_word' id='word_1_346' title='bbox 143 3023 275 3086; x_wconf 80' lang='lat' dir='ltr'><strong><em>libenter</em></strong></span> <span class='ocrx_word' id='word_1_347' title='bbox 302 3022 465 3086; x_wconf 88' lang='lat' dir='ltr'><strong><em>absolvunt</em></strong></span> <span class='ocrx_word' id='word_1_348' title='bbox 489 3022 576 3083; x_wconf 88' lang='lat' dir='ltr'><strong><em>hodie</em></strong></span> <span class='ocrx_word' id='word_1_349' title='bbox 593 3039 699 3084; x_wconf 88' lang='lat' dir='ltr'><strong><em>omnes</em></strong></span> <span class='ocrx_word' id='word_1_350' title='bbox 716 3040 785 3085; x_wconf 92' lang='lat' dir='ltr'><strong><em>cum</em></strong></span> <span class='ocrx_word' id='word_1_351' title='bbox 842 3019 955 3080; x_wconf 85' lang='lat' dir='ltr'><strong><em>tarium</em></strong></span> <span class='ocrx_word' id='word_1_352' title='bbox 965 3021 1208 3085; x_wconf 83' lang='lat' dir='ltr'><strong><em>vitaehumanae.</em></strong></span> <span class='ocrx_word' id='word_1_353' title='bbox 1222 3024 1569 3100; x_wconf 85' lang='lat' dir='ltr'><strong><em>Similiterlibrldetocis,</em></strong></span> 
     </span>
     <span class='ocr_line' id='line_1_31' title="bbox 64 3114 1582 3197; baseline 0.005 -24"><span class='ocrx_word' id='word_1_354' title='bbox 64 3114 172 3179; x_wconf 85' lang='grc'><strong>466666</strong></span> <span class='ocrx_word' id='word_1_355' title='bbox 187 3117 271 3192; x_wconf 83' lang='lat' dir='ltr'><strong><em>Dae,</em></strong></span> <span class='ocrx_word' id='word_1_356' title='bbox 288 3116 405 3194; x_wconf 82' lang='lat' dir='ltr'><strong><em>Angla,</em></strong></span> <span class='ocrx_word' id='word_1_357' title='bbox 422 3121 453 3177; x_wconf 89' lang='lat' dir='ltr'><strong><em>et</em></strong></span> <span class='ocrx_word' id='word_1_358' title='bbox 473 3115 612 3177; x_wconf 81' lang='lat' dir='ltr'><strong><em>Gabriele</em></strong></span> <span class='ocrx_word' id='word_1_359' title='bbox 628 3114 786 3190; x_wconf 86' lang='lat' dir='ltr'><strong><em>Naudaeo,</em></strong></span> <span class='ocrx_word' id='word_1_360' title='bbox 842 3122 876 3175; x_wconf 91' lang='grc'><strong><em>64</em></strong></span> <span class='ocrx_word' id='word_1_361' title='bbox 893 3114 972 3192; x_wconf 89' lang='grc'><strong>6666</strong></span> <span class='ocrx_word' id='word_1_362' title='bbox 990 3116 1155 3178; x_wconf 87' lang='lat' dir='ltr'><strong><em>Lelandum</em></strong></span> <span class='ocrx_word' id='word_1_363' title='bbox 1182 3116 1310 3197; x_wconf 88' lang='lat' dir='ltr'><strong><em>legitur,</em></strong></span> <span class='ocrx_word' id='word_1_364' title='bbox 1328 3120 1444 3196; x_wconf 82' lang='lat' dir='ltr'><strong><em>integer</em></strong></span> <span class='ocrx_word' id='word_1_365' title='bbox 1463 3119 1582 3180; x_wconf 91' lang='lat' dir='ltr'><strong><em>titulus-</em></strong></span> 
     </span>
     <span class='ocr_line' id='line_1_32' title="bbox 65 3206 1572 3290; baseline 0.002 -21"><span class='ocrx_word' id='word_1_366' title='bbox 65 3206 160 3269; x_wconf 75' lang='lat' dir='ltr'><strong><em>suto:</em></strong></span> <span class='ocrx_word' id='word_1_367' title='bbox 171 3208 271 3270; x_wconf 81' lang='lat' dir='ltr'><strong><em>Facile</em></strong></span> <span class='ocrx_word' id='word_1_368' title='bbox 284 3215 387 3270; x_wconf 86' lang='lat' dir='ltr'><strong><em>autam</em></strong></span> <span class='ocrx_word' id='word_1_369' title='bbox 400 3215 523 3288; x_wconf 89' lang='lat' dir='ltr'><strong><em>apparet</em></strong></span> <span class='ocrx_word' id='word_1_370' title='bbox 539 3226 611 3270; x_wconf 89' lang='lat' dir='ltr'><strong><em>eum</em></strong></span> <span class='ocrx_word' id='word_1_371' title='bbox 622 3225 683 3269; x_wconf 91' lang='grc'><strong><em>666</em></strong></span> <span class='ocrx_word' id='word_1_372' title='bbox 698 3207 786 3268; x_wconf 90' lang='lat' dir='ltr'><strong><em>modo</em></strong></span> <span class='ocrx_word' id='word_1_373' title='bbox 841 3214 890 3268; x_wconf 90' lang='lat' dir='ltr'><strong><em>est</em></strong></span> <span class='ocrx_word' id='word_1_374' title='bbox 903 3207 939 3269; x_wconf 88' lang='lat' dir='ltr'><strong><em>de</em></strong></span> <span class='ocrx_word' id='word_1_375' title='bbox 959 3206 1031 3269; x_wconf 86' lang='lat' dir='ltr'><strong><em>iocis</em></strong></span> <span class='ocrx_word' id='word_1_376' title='bbox 1056 3207 1224 3270; x_wconf 76' lang='grc'><strong>6464466664.</strong></span> <span class='ocrx_word' id='word_1_377' title='bbox 1243 3210 1364 3272; x_wconf 85' lang='lat' dir='ltr'><strong><em>Librum</em></strong></span> <span class='ocrx_word' id='word_1_378' title='bbox 1385 3210 1422 3272; x_wconf 85' lang='lat' dir='ltr'><strong><em>de</em></strong></span> <span class='ocrx_word' id='word_1_379' title='bbox 1434 3210 1528 3290; x_wconf 72' lang='lat' dir='ltr'><strong><em>fluxu</em></strong></span> <span class='ocrx_word' id='word_1_380' title='bbox 1544 3217 1572 3272; x_wconf 86' lang='lat' dir='ltr'><strong><em>ct</em></strong></span> 
     </span>
     <span class='ocr_line' id='line_1_33' title="bbox 66 3296 1571 3382; baseline 0.003 -23"><span class='ocrx_word' id='word_1_381' title='bbox 66 3296 227 3363; x_wconf 85' lang='lat' dir='ltr'><strong><em>liatbesees</em></strong></span> <span class='ocrx_word' id='word_1_382' title='bbox 243 3302 431 3380; x_wconf 76' lang='grc'><strong>6446664666</strong></span> <span class='ocrx_word' id='word_1_383' title='bbox 447 3302 665 3381; x_wconf 88' lang='lat' dir='ltr'><strong><em>peritissimum</em></strong></span> <span class='ocrx_word' id='word_1_384' title='bbox 680 3303 787 3378; x_wconf 87' lang='lat' dir='ltr'><strong><em>tuisse,</em></strong></span> <span class='ocrx_word' id='word_1_385' title='bbox 840 3299 966 3381; x_wconf 74' lang='lat' dir='ltr'><strong><em>refluere</em></strong></span> <span class='ocrx_word' id='word_1_386' title='bbox 978 3300 1076 3363; x_wconf 87' lang='lat' dir='ltr'><strong><em>maris</em></strong></span> <span class='ocrx_word' id='word_1_387' title='bbox 1096 3302 1281 3378; x_wconf 86' lang='lat' dir='ltr'><strong><em>Britannici,</em></strong></span> <span class='ocrx_word' id='word_1_388' title='bbox 1296 3302 1421 3364; x_wconf 86' lang='lat' dir='ltr'><strong><em>Woodio</em></strong></span> <span class='ocrx_word' id='word_1_389' title='bbox 1434 3310 1571 3382; x_wconf 86' lang='grc'><strong>6646646,</strong></span> 
     </span>
     <span class='ocr_line' id='line_1_34' title="bbox 67 3392 1573 3476; baseline 0.003 -23"><span class='ocrx_word' id='word_1_390' title='bbox 67 3397 158 3472; x_wconf 74' lang='grc'><strong>64666.</strong></span> <span class='ocrx_word' id='word_1_391' title='bbox 167 3395 199 3454; x_wconf 92' lang='grc'><strong><em>46</em></strong></span> <span class='ocrx_word' id='word_1_392' title='bbox 216 3392 371 3457; x_wconf 79' lang='lat' dir='ltr'><strong><em>chemicis</em></strong></span> <span class='ocrx_word' id='word_1_393' title='bbox 383 3439 390 3472; x_wconf 90' lang='lat'><strong><em>,</em></strong></span> <span class='ocrx_word' id='word_1_394' title='bbox 400 3394 517 3476; x_wconf 88' lang='grc'><strong>0644646</strong></span> <span class='ocrx_word' id='word_1_395' title='bbox 528 3394 544 3431; x_wconf 75' lang='lat'><strong><em>³⁸</em></strong></span> <span class='ocrx_word' id='word_1_396' title='bbox 555 3401 586 3455; x_wconf 89' lang='lat' dir='ltr'><strong><em>et</em></strong></span> <span class='ocrx_word' id='word_1_397' title='bbox 602 3392 789 3455; x_wconf 71' lang='lat' dir='ltr'><strong><em>astronomi·</em></strong></span> <span class='ocrx_word' id='word_1_398' title='bbox 843 3395 952 3456; x_wconf 83' lang='lat' dir='ltr'><strong><em>baleus</em></strong></span> <span class='ocrx_word' id='word_1_399' title='bbox 962 3396 997 3471; x_wconf 88' lang='lat' dir='ltr'><strong><em>V,</em></strong></span> <span class='ocrx_word' id='word_1_400' title='bbox 1010 3396 1048 3455; x_wconf 86' lang='grc'><strong><em>48</em></strong></span> <span class='ocrx_word' id='word_1_401' title='bbox 1060 3395 1096 3456; x_wconf 90' lang='grc'><strong><em>66</em></strong></span> <span class='ocrx_word' id='word_1_402' title='bbox 1113 3396 1293 3457; x_wconf 79' lang='lat' dir='ltr'><strong><em>Graltrrum</em></strong></span> <span class='ocrx_word' id='word_1_403' title='bbox 1306 3394 1460 3475; x_wconf 83' lang='lat' dir='ltr'><strong><em>Burlejum</em></strong></span> <span class='ocrx_word' id='word_1_404' title='bbox 1472 3398 1573 3475; x_wconf 88' lang='lat' dir='ltr'><strong><em>relert,</em></strong></span> 
     </span>
     <span class='ocr_line' id='line_1_35' title="bbox 66 3484 1571 3570; baseline 0.004 -25"><span class='ocrx_word' id='word_1_405' title='bbox 66 3484 106 3545; x_wconf 90' lang='lat' dir='ltr'><strong><em>eis</em></strong></span> <span class='ocrx_word' id='word_1_406' title='bbox 127 3485 218 3565; x_wconf 81' lang='lat' dir='ltr'><strong><em>plura</em></strong></span> <span class='ocrx_word' id='word_1_407' title='bbox 243 3489 364 3567; x_wconf 86' lang='lat' dir='ltr'><strong><em>egregia</em></strong></span> <span class='ocrx_word' id='word_1_408' title='bbox 388 3488 588 3564; x_wconf 85' lang='lat' dir='ltr'><strong><em>observasse,</em></strong></span> <span class='ocrx_word' id='word_1_409' title='bbox 608 3493 640 3549; x_wconf 93' lang='grc'><strong><em>64</em></strong></span> <span class='ocrx_word' id='word_1_410' title='bbox 667 3488 789 3567; x_wconf 87' lang='lat' dir='ltr'><strong><em>specula</em></strong></span> <span class='ocrx_word' id='word_1_411' title='bbox 843 3495 875 3548; x_wconf 91' lang='lat' dir='ltr'><strong><em>et</em></strong></span> <span class='ocrx_word' id='word_1_412' title='bbox 891 3489 1000 3550; x_wconf 92' lang='lat' dir='ltr'><strong><em>librum</em></strong></span> <span class='ocrx_word' id='word_1_413' title='bbox 1015 3486 1051 3549; x_wconf 90' lang='lat' dir='ltr'><strong><em>de</em></strong></span> <span class='ocrx_word' id='word_1_414' title='bbox 1066 3487 1196 3550; x_wconf 84' lang='lat' dir='ltr'><strong><em>utilitate</em></strong></span> <span class='ocrx_word' id='word_1_415' title='bbox 1213 3487 1515 3570; x_wconf 83' lang='lat' dir='ltr'><strong><em>Astronomrae,Vlll‚</em></strong></span> <span class='ocrx_word' id='word_1_416' title='bbox 1531 3490 1571 3553; x_wconf 90' lang='grc'><strong>87</strong></span> 
     </span>
     <span class='ocr_line' id='line_1_36' title="bbox 68 3578 1571 3662; baseline 0.003 -21"><span class='ocrx_word' id='word_1_417' title='bbox 68 3578 788 3660; x_wconf 71' lang='lat' dir='ltr'><strong><em>mmburentiapulveremq3pgriuminvenisse,</em></strong></span> <span class='ocrx_word' id='word_1_418' title='bbox 842 3580 880 3641; x_wconf 93' lang='grc'><strong><em>66</em></strong></span> <span class='ocrx_word' id='word_1_419' title='bbox 907 3582 1090 3643; x_wconf 80' lang='lat' dir='ltr'><strong><em>Guilelmum</em></strong></span> <span class='ocrx_word' id='word_1_420' title='bbox 1118 3585 1320 3644; x_wconf 84' lang='lat' dir='ltr'><strong><em>Botonerum:</em></strong></span> <span class='ocrx_word' id='word_1_421' title='bbox 1351 3600 1412 3662; x_wconf 91' lang='lat' dir='ltr'><strong><em>quo</em></strong></span> <span class='ocrx_word' id='word_1_422' title='bbox 1438 3587 1469 3645; x_wconf 92' lang='grc'><strong><em>46</em></strong></span> <span class='ocrx_word' id='word_1_423' title='bbox 1496 3586 1571 3647; x_wconf 91' lang='lat' dir='ltr'><strong><em>libro</em></strong></span> 
     </span>
     <span class='ocr_line' id='line_1_37' title="bbox 68 3668 1568 3752; baseline 0.004 -19"><span class='ocrx_word' id='word_1_424' title='bbox 68 3678 94 3733; x_wconf 83' lang='lat' dir='ltr'><strong><em>a</em></strong></span> <span class='ocrx_word' id='word_1_425' title='bbox 108 3668 281 3735; x_wconf 68' lang='lat' dir='ltr'><strong><em>calendarii</em></strong></span> <span class='ocrx_word' id='word_1_426' title='bbox 297 3673 479 3734; x_wconf 85' lang='lat' dir='ltr'><strong><em>emendandi</em></strong></span> <span class='ocrx_word' id='word_1_427' title='bbox 501 3681 686 3736; x_wconf 88' lang='lat' dir='ltr'><strong><em>monstrasse</em></strong></span> <span class='ocrx_word' id='word_1_428' title='bbox 700 3677 789 3736; x_wconf 76' lang='lat' dir='ltr'><strong><em>ratio</em></strong></span> <span class='ocrx_word' id='word_1_429' title='bbox 843 3673 955 3733; x_wconf 90' lang='lat' dir='ltr'><strong><em>mentio</em></strong></span> <span class='ocrx_word' id='word_1_430' title='bbox 975 3673 1009 3735; x_wconf 87' lang='grc'><strong><em>64</em></strong></span> <span class='ocrx_word' id='word_1_431' title='bbox 1036 3680 1204 3752; x_wconf 86' lang='lat' dir='ltr'><strong><em>tractatus,</em></strong></span> <span class='ocrx_word' id='word_1_432' title='bbox 1221 3675 1390 3736; x_wconf 84' lang='lat' dir='ltr'><strong><em>testimonia</em></strong></span> <span class='ocrx_word' id='word_1_433' title='bbox 1406 3677 1568 3739; x_wconf 84' lang='lat' dir='ltr'><strong><em>Gentilium</em></strong></span> 
     </span>
     <span class='ocr_line' id='line_1_38' title="bbox 68 3762 1570 3850; baseline 0.003 -21"><span class='ocrx_word' id='word_1_434' title='bbox 68 3766 193 3829; x_wconf 68' lang='grc'><strong>4666666</strong></span> <span class='ocrx_word' id='word_1_435' title='bbox 206 3768 299 3828; x_wconf 88' lang='lat' dir='ltr'><strong><em>etiam</em></strong></span> <span class='ocrx_word' id='word_1_436' title='bbox 311 3768 341 3826; x_wconf 91' lang='lat' dir='ltr'><strong><em>iu</em></strong></span> <span class='ocrx_word' id='word_1_437' title='bbox 356 3766 422 3828; x_wconf 90' lang='lat' dir='ltr'><strong><em>aliis</em></strong></span> <span class='ocrx_word' id='word_1_438' title='bbox 433 3766 569 3846; x_wconf 90' lang='lat' dir='ltr'><strong><em>partibus</em></strong></span> <span class='ocrx_word' id='word_1_439' title='bbox 584 3767 788 3846; x_wconf 87' lang='lat' dir='ltr'><strong><em>Philosophiae</em></strong></span> <span class='ocrx_word' id='word_1_440' title='bbox 842 3762 1025 3845; x_wconf 69' lang='lat' dir='ltr'><strong><em>conferentia</em></strong></span> <span class='ocrx_word' id='word_1_441' title='bbox 1051 3766 1243 3829; x_wconf 78' lang='lat' dir='ltr'><strong><em>Christianae</em></strong></span> <span class='ocrx_word' id='word_1_442' title='bbox 1265 3767 1413 3848; x_wconf 80' lang='lat' dir='ltr'><strong><em>Retiqrbni</em></strong></span> <span class='ocrx_word' id='word_1_443' title='bbox 1439 3772 1570 3850; x_wconf 89' lang='lat' dir='ltr'><strong><em>comple·</em></strong></span> 
     </span>
     <span class='ocr_line' id='line_1_39' title="bbox 68 3858 1569 3941; baseline 0.003 -22"><span class='ocrx_word' id='word_1_444' title='bbox 68 3858 284 3938; x_wconf 79' lang='lat' dir='ltr'><strong><em>stlheulugiae</em></strong></span> <span class='ocrx_word' id='word_1_445' title='bbox 305 3860 392 3939; x_wconf 87' lang='lat' dir='ltr'><strong><em>louge</em></strong></span> <span class='ocrx_word' id='word_1_446' title='bbox 412 3863 550 3941; x_wconf 87' lang='lat' dir='ltr'><strong><em>sapuisse</em></strong></span> <span class='ocrx_word' id='word_1_447' title='bbox 567 3862 647 3923; x_wconf 92' lang='lat' dir='ltr'><strong><em>ultra</em></strong></span> <span class='ocrx_word' id='word_1_448' title='bbox 663 3867 786 3941; x_wconf 86' lang='lat' dir='ltr'><strong><em>captum</em></strong></span> <span class='ocrx_word' id='word_1_449' title='bbox 842 3859 962 3918; x_wconf 88' lang='lat' dir='ltr'><strong><em>etentis.</em></strong></span> <span class='ocrx_word' id='word_1_450' title='bbox 990 3859 1075 3921; x_wconf 91' lang='lat' dir='ltr'><strong><em>Idem</em></strong></span> <span class='ocrx_word' id='word_1_451' title='bbox 1103 3861 1250 3922; x_wconf 84' lang='lat' dir='ltr'><strong><em>Woobius</em></strong></span> <span class='ocrx_word' id='word_1_452' title='bbox 1279 3868 1363 3923; x_wconf 90' lang='grc'><strong>66464</strong></span> <span class='ocrx_word' id='word_1_453' title='bbox 1389 3862 1569 3941; x_wconf 84' lang='lat' dir='ltr'><strong><em>ttaqerinam</em></strong></span> 
     </span>
     <span class='ocr_line' id='line_1_40' title="bbox 68 3948 1568 4033; baseline 0.003 -24"><span class='ocrx_word' id='word_1_454' title='bbox 68 3948 178 4015; x_wconf 85' lang='lat' dir='ltr'><strong><em>iturum</em></strong></span> <span class='ocrx_word' id='word_1_455' title='bbox 195 3959 389 4033; x_wconf 83' lang='lat' dir='ltr'><strong><em>temporum,</em></strong></span> <span class='ocrx_word' id='word_1_456' title='bbox 407 3960 443 4014; x_wconf 92' lang='grc'><strong><em>64</em></strong></span> <span class='ocrx_word' id='word_1_457' title='bbox 458 3960 582 4032; x_wconf 85' lang='lat' dir='ltr'><strong><em>apparet</em></strong></span> <span class='ocrx_word' id='word_1_458' title='bbox 598 3954 648 4015; x_wconf 90' lang='lat' dir='ltr'><strong><em>vel</em></strong></span> <span class='ocrx_word' id='word_1_459' title='bbox 664 3970 703 4014; x_wconf 80' lang='lat' dir='ltr'><strong><em>ex</em></strong></span> <span class='ocrx_word' id='word_1_460' title='bbox 719 3952 787 4032; x_wconf 84' lang='lat' dir='ltr'><strong><em>ejus</em></strong></span> <span class='ocrx_word' id='word_1_461' title='bbox 840 3948 985 4028; x_wconf 83' lang='lat' dir='ltr'><strong><em>nrajorem</em></strong></span> <span class='ocrx_word' id='word_1_462' title='bbox 1004 3959 1036 4012; x_wconf 92' lang='grc'><strong><em>64</em></strong></span> <span class='ocrx_word' id='word_1_463' title='bbox 1054 3953 1222 4028; x_wconf 87' lang='lat' dir='ltr'><strong><em>minoren,</em></strong></span> <span class='ocrx_word' id='word_1_464' title='bbox 1239 3953 1325 4013; x_wconf 87' lang='lat' dir='ltr'><strong><em>alteri</em></strong></span> <span class='ocrx_word' id='word_1_465' title='bbox 1346 3971 1439 4031; x_wconf 88' lang='lat' dir='ltr'><strong><em>quam</em></strong></span> <span class='ocrx_word' id='word_1_466' title='bbox 1459 3957 1568 4016; x_wconf 82' lang='lat' dir='ltr'><strong><em>bacani</em></strong></span> 
     </span>
     <span class='ocr_line' id='line_1_41' title="bbox 67 4040 1133 4127; baseline -0.002 -20"><span class='ocrx_word' id='word_1_467' title='bbox 67 4040 341 4123; x_wconf 68' lang='lat' dir='ltr'><strong><em>Bpismtadelaude</em></strong></span> <span class='ocrx_word' id='word_1_468' title='bbox 354 4046 471 4109; x_wconf 86' lang='lat' dir='ltr'><strong><em>Sacrae</em></strong></span> <span class='ocrx_word' id='word_1_469' title='bbox 481 4045 659 4127; x_wconf 75' lang='lat' dir='ltr'><strong><em>Scripturas</em></strong></span> <span class='ocrx_word' id='word_1_470' title='bbox 671 4047 709 4107; x_wconf 91' lang='grc'><strong><em>66</em></strong></span> <span class='ocrx_word' id='word_1_471' title='bbox 720 4048 788 4109; x_wconf 86' lang='lat' dir='ltr'><strong><em>Cle-</em></strong></span> <span class='ocrx_word' id='word_1_472' title='bbox 841 4047 955 4105; x_wconf 90' lang='lat' dir='ltr'><strong><em>auctori</em></strong></span> <span class='ocrx_word' id='word_1_473' title='bbox 972 4045 1133 4124; x_wconf 88' lang='lat' dir='ltr'><strong><em>adsignari.</em></strong></span> 
     </span>
     <span class='ocr_line' id='line_1_42' title="bbox 68 4138 1567 4220; baseline 0.001 -20"><span class='ocrx_word' id='word_1_474' title='bbox 68 4146 194 4201; x_wconf 77' lang='lat' dir='ltr'><strong><em>uenum</em></strong></span> <span class='ocrx_word' id='word_1_475' title='bbox 217 4139 266 4200; x_wconf 85' lang='lat' dir='ltr'><strong><em>tv.</em></strong></span> <span class='ocrx_word' id='word_1_476' title='bbox 284 4156 324 4200; x_wconf 80' lang='lat' dir='ltr'><strong><em>ex</em></strong></span> <span class='ocrx_word' id='word_1_477' title='bbox 339 4156 400 4218; x_wconf 88' lang='lat' dir='ltr'><strong><em>qua</em></strong></span> <span class='ocrx_word' id='word_1_478' title='bbox 416 4140 544 4219; x_wconf 89' lang='lat' dir='ltr'><strong><em>insignia</em></strong></span> <span class='ocrx_word' id='word_1_479' title='bbox 560 4147 703 4220; x_wconf 84' lang='lat' dir='ltr'><strong><em>excerpta</em></strong></span> <span class='ocrx_word' id='word_1_480' title='bbox 718 4158 787 4220; x_wconf 91' lang='lat' dir='ltr'><strong><em>pro-</em></strong></span> <span class='ocrx_word' id='word_1_481' title='bbox 880 4138 897 4174; x_wconf 55' lang='grc'><strong><em>4</em></strong></span> <span class='ocrx_word' id='word_1_482' title='bbox 918 4139 1086 4198; x_wconf 81' lang='grc'><strong>4666446664</strong></span> <span class='ocrx_word' id='word_1_483' title='bbox 1112 4138 1160 4199; x_wconf 89' lang='lat' dir='ltr'><strong><em>hio</em></strong></span> <span class='ocrx_word' id='word_1_484' title='bbox 1181 4154 1241 4197; x_wconf 90' lang='lat' dir='ltr'><strong><em>nou</em></strong></span> <span class='ocrx_word' id='word_1_485' title='bbox 1273 4139 1447 4201; x_wconf 88' lang='lat' dir='ltr'><strong><em>meminisse</em></strong></span> <span class='ocrx_word' id='word_1_486' title='bbox 1472 4158 1567 4203; x_wconf 83' lang='lat' dir='ltr'><strong><em>novae</em></strong></span> 
     </span>
     <span class='ocr_line' id='line_1_43' title="bbox 67 4224 1567 4312; baseline 0.002 -20"><span class='ocrx_word' id='word_1_487' title='bbox 67 4224 347 4295; x_wconf 78' lang='lat' dir='ltr'><strong><em>tuxnttumtmdus</em></strong></span> <span class='ocrx_word' id='word_1_488' title='bbox 360 4232 446 4312; x_wconf 68' lang='grc'><strong>44666</strong></span> <span class='ocrx_word' id='word_1_489' title='bbox 461 4231 499 4294; x_wconf 89' lang='grc'><strong><em>66</em></strong></span> <span class='ocrx_word' id='word_1_490' title='bbox 514 4232 678 4295; x_wconf 81' lang='lat' dir='ltr'><strong><em>bibliorum</em></strong></span> <span class='ocrx_word' id='word_1_491' title='bbox 695 4236 787 4294; x_wconf 80' lang='lat' dir='ltr'><strong><em>texti-</em></strong></span> <span class='ocrx_word' id='word_1_492' title='bbox 839 4229 979 4290; x_wconf 86' lang='lat' dir='ltr'><strong><em>editionis</em></strong></span> <span class='ocrx_word' id='word_1_493' title='bbox 1003 4231 1132 4309; x_wconf 88' lang='lat' dir='ltr'><strong><em>insignis</em></strong></span> <span class='ocrx_word' id='word_1_494' title='bbox 1159 4230 1250 4292; x_wconf 91' lang='lat' dir='ltr'><strong><em>huius</em></strong></span> <span class='ocrx_word' id='word_1_495' title='bbox 1279 4232 1447 4310; x_wconf 87' lang='lat' dir='ltr'><strong><em>scriptoris,</em></strong></span> <span class='ocrx_word' id='word_1_496' title='bbox 1474 4251 1567 4311; x_wconf 90' lang='lat' dir='ltr'><strong><em>quam</em></strong></span> 
     </span>
     <span class='ocr_line' id='line_1_44' title="bbox 69 4318 1563 4407; baseline 0.002 -22"><span class='ocrx_word' id='word_1_497' title='bbox 69 4318 117 4386; x_wconf 82' lang='lat' dir='ltr'><strong><em>ltus</em></strong></span> <span class='ocrx_word' id='word_1_498' title='bbox 129 4324 335 4406; x_wconf 75' lang='lat' dir='ltr'><strong><em>originalibus</em></strong></span> <span class='ocrx_word' id='word_1_499' title='bbox 349 4342 416 4407; x_wconf 85' lang='lat' dir='ltr'><strong><em>pag.</em></strong></span> <span class='ocrx_word' id='word_1_500' title='bbox 434 4326 492 4387; x_wconf 89' lang='grc'><strong><em>449</em></strong></span> <span class='ocrx_word' id='word_1_501' title='bbox 507 4342 570 4405; x_wconf 87' lang='lat' dir='ltr'><strong><em>seq.</em></strong></span> <span class='ocrx_word' id='word_1_502' title='bbox 587 4333 619 4387; x_wconf 87' lang='grc'><strong><em>64</em></strong></span> <span class='ocrx_word' id='word_1_503' title='bbox 639 4327 786 4388; x_wconf 88' lang='lat' dir='ltr'><strong><em>ilenrieus</em></strong></span> <span class='ocrx_word' id='word_1_504' title='bbox 840 4325 951 4386; x_wconf 86' lang='lat' dir='ltr'><strong><em>nuncia</em></strong></span> <span class='ocrx_word' id='word_1_505' title='bbox 967 4331 1076 4385; x_wconf 88' lang='lat' dir='ltr'><strong><em>veneta</em></strong></span> <span class='ocrx_word' id='word_1_506' title='bbox 1093 4322 1300 4403; x_wconf 89' lang='lat' dir='ltr'><strong><em>promiserunt</em></strong></span> <span class='ocrx_word' id='word_1_507' title='bbox 1313 4324 1450 4402; x_wconf 85' lang='lat' dir='ltr'><strong><em>eruditis,</em></strong></span> <span class='ocrx_word' id='word_1_508' title='bbox 1462 4332 1563 4405; x_wconf 83' lang='lat' dir='ltr'><strong><em>atque,</em></strong></span> 
     </span>
     <span class='ocr_line' id='line_1_45' title="bbox 69 4413 1565 4503; baseline 0.003 -26"><span class='ocrx_word' id='word_1_509' title='bbox 69 4413 248 4487; x_wconf 71' lang='lat' dir='ltr'><strong><em>limnaeus</em></strong></span> <span class='ocrx_word' id='word_1_510' title='bbox 273 4420 305 4480; x_wconf 92' lang='grc'><strong><em>46</em></strong></span> <span class='ocrx_word' id='word_1_511' title='bbox 332 4419 466 4481; x_wconf 86' lang='lat' dir='ltr'><strong><em>auctario</em></strong></span> <span class='ocrx_word' id='word_1_512' title='bbox 480 4419 519 4481; x_wconf 91' lang='grc'><strong><em>66</em></strong></span> <span class='ocrx_word' id='word_1_513' title='bbox 545 4418 648 4481; x_wconf 86' lang='lat' dir='ltr'><strong><em>Jacohi</em></strong></span> <span class='ocrx_word' id='word_1_514' title='bbox 675 4421 787 4481; x_wconf 86' lang='lat' dir='ltr'><strong><em>Usserii</em></strong></span> <span class='ocrx_word' id='word_1_515' title='bbox 841 4422 875 4478; x_wconf 91' lang='lat' dir='ltr'><strong><em>ut</em></strong></span> <span class='ocrx_word' id='word_1_516' title='bbox 891 4416 989 4494; x_wconf 89' lang='grc'><strong>66646,</strong></span> <span class='ocrx_word' id='word_1_517' title='bbox 1000 4414 1064 4494; x_wconf 86' lang='lat' dir='ltr'><strong><em>jam</em></strong></span> <span class='ocrx_word' id='word_1_518' title='bbox 1076 4415 1184 4497; x_wconf 87' lang='lat' dir='ltr'><strong><em>prodiit</em></strong></span> <span class='ocrx_word' id='word_1_519' title='bbox 1200 4417 1282 4496; x_wconf 75' lang='lat' dir='ltr'><strong><em>typis</em></strong></span> <span class='ocrx_word' id='word_1_520' title='bbox 1296 4418 1565 4503; x_wconf 70' lang='lat' dir='ltr'><strong><em>Franciseii’ittrrri.</em></strong></span> 
     </span>
     <span class='ocr_line' id='line_1_46' title="bbox 70 4503 1566 4593; baseline 0.005 -22"><span class='ocrx_word' id='word_1_521' title='bbox 70 4503 217 4574; x_wconf 83' lang='lat' dir='ltr'><strong><em>historiam</em></strong></span> <span class='ocrx_word' id='word_1_522' title='bbox 240 4511 441 4593; x_wconf 85' lang='lat' dir='ltr'><strong><em>dogmaticam</em></strong></span> <span class='ocrx_word' id='word_1_523' title='bbox 466 4510 505 4574; x_wconf 88' lang='grc'><strong><em>46</em></strong></span> <span class='ocrx_word' id='word_1_524' title='bbox 517 4513 682 4593; x_wconf 76' lang='lat' dir='ltr'><strong><em>scripturis</em></strong></span> <span class='ocrx_word' id='word_1_525' title='bbox 696 4515 788 4574; x_wconf 89' lang='lat' dir='ltr'><strong><em>sacri-</em></strong></span> <span class='ocrx_word' id='word_1_526' title='bbox 840 4511 923 4571; x_wconf 89' lang='grc'><strong>44666</strong></span> <span class='ocrx_word' id='word_1_527' title='bbox 936 4526 1007 4572; x_wconf 90' lang='lat' dir='ltr'><strong><em>cum</em></strong></span> <span class='ocrx_word' id='word_1_528' title='bbox 1024 4509 1158 4573; x_wconf 88' lang='lat' dir='ltr'><strong><em>nondum</em></strong></span> <span class='ocrx_word' id='word_1_529' title='bbox 1176 4509 1304 4571; x_wconf 90' lang='lat' dir='ltr'><strong><em>viderim</em></strong></span> <span class='ocrx_word' id='word_1_530' title='bbox 1331 4510 1380 4570; x_wconf 92' lang='lat' dir='ltr'><strong><em>hic</em></strong></span> <span class='ocrx_word' id='word_1_531' title='bbox 1396 4511 1566 4579; x_wconf 88' lang='lat' dir='ltr'><strong><em>describere</em></strong></span> 
     </span>
     <span class='ocr_line' id='line_1_47' title="bbox 71 4603 1513 4687; baseline 0.001 -22"><span class='ocrx_word' id='word_1_532' title='bbox 71 4613 137 4682; x_wconf 78' lang='lat' dir='ltr'><strong><em>tque</em></strong></span> <span class='ocrx_word' id='word_1_533' title='bbox 152 4606 328 4669; x_wconf 85' lang='lat' dir='ltr'><strong><em>vernaculis</em></strong></span> <span class='ocrx_word' id='word_1_534' title='bbox 341 4623 407 4687; x_wconf 90' lang='lat' dir='ltr'><strong><em>pag.</em></strong></span> <span class='ocrx_word' id='word_1_535' title='bbox 419 4605 478 4668; x_wconf 87' lang='grc'><strong><em>489</em></strong></span> <span class='ocrx_word' id='word_1_536' title='bbox 494 4622 558 4685; x_wconf 88' lang='lat' dir='ltr'><strong><em>seq.</em></strong></span> <span class='ocrx_word' id='word_1_537' title='bbox 569 4603 644 4684; x_wconf 81' lang='lat' dir='ltr'><strong><em>justi</em></strong></span> <span class='ocrx_word' id='word_1_538' title='bbox 655 4607 788 4669; x_wconf 76' lang='grc'><strong>44646664-</strong></span> <span class='ocrx_word' id='word_1_539' title='bbox 841 4620 1015 4682; x_wconf 88' lang='lat' dir='ltr'><strong><em>nequaqum</em></strong></span> <span class='ocrx_word' id='word_1_540' title='bbox 1032 4605 1127 4666; x_wconf 88' lang='lat' dir='ltr'><strong><em>valeo.</em></strong></span> <span class='ocrx_word' id='word_1_541' title='bbox 1511 4634 1513 4641; x_wconf 38' lang='lat' dir='ltr'><strong><em>s</em></strong></span> 
     </span>
     <span class='ocr_line' id='line_1_48' title="bbox 871 4693 1567 4781; baseline 0.011 -26"><span class='ocrx_word' id='word_1_542' title='bbox 871 4696 938 4771; x_wconf 64' lang='lat'><strong><em>(22</em></strong></span> <span class='ocrx_word' id='word_1_543' title='bbox 956 4695 1037 4773; x_wconf 88' lang='lat' dir='ltr'><strong><em>Opus</em></strong></span> <span class='ocrx_word' id='word_1_544' title='bbox 1053 4695 1153 4758; x_wconf 74' lang='lat' dir='ltr'><strong><em>nicius</em></strong></span> <span class='ocrx_word' id='word_1_545' title='bbox 1178 4694 1221 4755; x_wconf 90' lang='lat' dir='ltr'><strong><em>ad</em></strong></span> <span class='ocrx_word' id='word_1_546' title='bbox 1249 4693 1426 4759; x_wconf 76' lang='lat' dir='ltr'><strong><em>Cbmcntem</em></strong></span> <span class='ocrx_word' id='word_1_547' title='bbox 1448 4700 1493 4762; x_wconf 84' lang='lat' dir='ltr'><strong><em>IV</em></strong></span> <span class='ocrx_word' id='word_1_548' title='bbox 1504 4705 1567 4781; x_wconf 80' lang='lat' dir='ltr'><strong><em>pri-¹</em></strong></span> 
     </span>
    </p>
   </div>
   <div class='ocr_carea' id='block_1_5' title="bbox 72 4786 1563 4898">
    <p class='ocr_par' dir='ltr' id='par_1_5' title="bbox 72 4786 1563 4898">
     <span class='ocr_line' id='line_1_49' title="bbox 72 4786 1563 4898; baseline 0.011 -60"><span class='ocrx_word' id='word_1_549' title='bbox 72 4816 79 4835; x_wconf 55' lang='grc' dir='ltr'><em>ι</em></span> <span class='ocrx_word' id='word_1_550' title='bbox 99 4827 117 4849; x_wconf 86' lang='grc'><strong><em>,.</em></strong></span> <span class='ocrx_word' id='word_1_551' title='bbox 128 4832 160 4881; x_wconf 62' lang='lat' dir='ltr'><strong>m</strong></span> <span class='ocrx_word' id='word_1_552' title='bbox 174 4834 408 4897; x_wconf 51' lang='lat' dir='ltr'><strong>mmmmm</strong></span> <span class='ocrx_word' id='word_1_553' title='bbox 419 4832 575 4885; x_wconf 67' lang='lat' dir='ltr'><strong><em>struborum</em></strong></span> <span class='ocrx_word' id='word_1_554' title='bbox 591 4835 734 4898; x_wconf 71' lang='lat' dir='ltr'><strong><em>spissorum</em></strong></span> <span class='ocrx_word' id='word_1_555' title='bbox 748 4836 786 4884; x_wconf 34' lang='lat' dir='ltr'><strong><em>&#39;a‘</em></strong></span> <span class='ocrx_word' id='word_1_556' title='bbox 839 4804 923 4849; x_wconf 91' lang='lat' dir='ltr'><strong><em>mum</em></strong></span> <span class='ocrx_word' id='word_1_557' title='bbox 940 4787 1033 4849; x_wconf 87' lang='lat' dir='ltr'><strong><em>edidit</em></strong></span> <span class='ocrx_word' id='word_1_558' title='bbox 1060 4789 1140 4850; x_wconf 85' lang='lat' dir='ltr'><strong><em>Sam.</em></strong></span> <span class='ocrx_word' id='word_1_559' title='bbox 1158 4787 1233 4849; x_wconf 88' lang='lat' dir='ltr'><strong><em>Jebb</em></strong></span> <span class='ocrx_word' id='word_1_560' title='bbox 1259 4786 1391 4850; x_wconf 83' lang='lat' dir='ltr'><strong><em>Londirri</em></strong></span> <span class='ocrx_word' id='word_1_561' title='bbox 1411 4792 1488 4857; x_wconf 84' lang='grc'><strong>4738</strong></span> <span class='ocrx_word' id='word_1_562' title='bbox 1516 4796 1563 4863; x_wconf 83' lang='lat' dir='ltr'><strong><em>iol.</em></strong></span> 
     </span>
    </p>
   </div>
   <div class='ocr_carea' id='block_1_6' title="bbox 70 4904 1468 5061">
    <p class='ocr_par' dir='ltr' id='par_1_6' title="bbox 70 4904 1468 5061">
     <span class='ocr_line' id='line_1_50' title="bbox 70 4904 788 4964; baseline 0.014 -12"><span class='ocrx_word' id='word_1_563' title='bbox 70 4904 213 4958; x_wconf 80' lang='lat' dir='ltr'><strong><em>tentionem.</em></strong></span> <span class='ocrx_word' id='word_1_564' title='bbox 231 4909 294 4961; x_wconf 81' lang='lat' dir='ltr'><strong><em>vide</em></strong></span> <span class='ocrx_word' id='word_1_565' title='bbox 310 4908 378 4960; x_wconf 81' lang='grc'><strong>6644.</strong></span> <span class='ocrx_word' id='word_1_566' title='bbox 397 4908 538 4961; x_wconf 69' lang='lat' dir='ltr'><strong><em>bellarunt</em></strong></span> <span class='ocrx_word' id='word_1_567' title='bbox 556 4911 659 4961; x_wconf 84' lang='lat' dir='ltr'><strong><em>treattse</em></strong></span> <span class='ocrx_word' id='word_1_568' title='bbox 685 4909 714 4961; x_wconf 89' lang='lat' dir='ltr'><strong><em>ot</em></strong></span> <span class='ocrx_word' id='word_1_569' title='bbox 731 4910 788 4964; x_wconf 90' lang='grc'><strong>646-</strong></span> 
     </span>
     <span class='ocr_line' id='line_1_51' title="bbox 71 4970 1468 5061; baseline 0.012 -35"><span class='ocrx_word' id='word_1_570' title='bbox 71 4970 141 5031; x_wconf 82' lang='lat' dir='ltr'><strong><em>trun</em></strong></span> <span class='ocrx_word' id='word_1_571' title='bbox 156 4983 225 5033; x_wconf 74' lang='lat' dir='ltr'><strong><em>ran.</em></strong></span> <span class='ocrx_word' id='word_1_572' title='bbox 240 4984 330 5057; x_wconf 64' lang='grc'><strong>8666.</strong></span> <span class='ocrx_word' id='word_1_573' title='bbox 345 4986 370 5037; x_wconf 87' lang='grc'><strong><em>6.</em></strong></span> <span class='ocrx_word' id='word_1_574' title='bbox 866 4990 871 5004; x_wconf 91' lang='grc'><em>·</em></span> <span class='ocrx_word' id='word_1_575' title='bbox 889 4985 1066 5050; x_wconf 73' lang='lat' dir='ltr'><strong><em>bibliotheque</em></strong></span> <span class='ocrx_word' id='word_1_576' title='bbox 1082 4986 1218 5041; x_wconf 78' lang='grc'><strong>46666646</strong></span> <span class='ocrx_word' id='word_1_577' title='bbox 1234 4990 1296 5061; x_wconf 81' lang='lat' dir='ltr'><strong><em>tom.</em></strong></span> <span class='ocrx_word' id='word_1_578' title='bbox 1314 4990 1368 5041; x_wconf 84' lang='lat' dir='ltr'><strong><em>ittit</em></strong></span> <span class='ocrx_word' id='word_1_579' title='bbox 1386 5003 1412 5054; x_wconf 83' lang='grc'><strong><em>6.</em></strong></span> <span class='ocrx_word' id='word_1_580' title='bbox 1428 4992 1468 5047; x_wconf 80' lang='lat' dir='ltr'><strong><em>st.</em></strong></span> 
     </span>
    </p>
   </div>
   <div class='ocr_carea' id='block_1_7' title="bbox 0 0 1743 5332">
    <p class='ocr_par' dir='ltr' id='par_1_7' title="bbox 0 0 1743 5332">
     <span class='ocr_line' id='line_1_52' title="bbox 0 0 1743 5332; baseline 0 0"><span class='ocrx_word' id='word_1_581' title='bbox 0 0 1743 5332; x_wconf 95' lang='lat' dir='ltr'><strong><em> </em></strong></span> 
     </span>
    </p>
   </div>
  </div>
 </body>
</html>
