3458 5332
604 334 922 397 cnsstnrttts
1437 334 1516 402 ¹:aaa

142 459 159 503 o
182 441 240 503 tto
263 441 293 500 in
313 443 475 502 blonastica
498 445 559 503 vita
580 445 739 504 consenuit
833 443 862 505 2.
881 437 1059 503 collationes
1077 442 1204 500 Patrnrn
1222 443 1250 500 in
1269 442 1385 503 Scatica
1402 441 1429 516 a)
1450 456 1515 500 ere-

142 553 186 611 re,
204 537 230 611 a)
259 535 391 613 obiitque
418 534 513 612 major
540 538 738 614 nonagenario
792 551 843 595 mo
864 535 1114 595 commorantium
1136 530 1225 594 libris
1246 534 1343 595 XXIV.
1365 534 1402 595 ad
1425 533 1516 593 Leon-

142 630 232 691 Hristi
251 629 319 689 444.
342 626 389 688 Ab
410 627 516 688 eodem
534 626 737 689 Massilienses
793 628 886 703 tiam,
904 629 1014 706 Papam
1031 628 1285 704 Foroiuliensem,
1299 635 1331 687 et
1344 623 1515 688 Helladinm

142 723 411 801 ›Semipetagiants
422 766 429 795 ,
440 720 477 782 de
493 721 603 800 quibus
618 720 737 784 abunde
793 719 896 782 itidem
913 721 1105 799 Episcopum,
1116 720 1228 798 quibus
1244 720 1349 781 decem
1366 722 1512 798 primores

142 833 153 878 4
171 818 201 877 in
219 815 460 893 Antiquitatibus
475 817 656 878 Britannicis
671 832 736 894 cap.
792 814 1019 888 inscribuntur,
1035 820 1071 874 ut
1097 813 1257 875 undecima
1283 830 1353 874 cum
1382 830 1437 873 sex
1465 830 1513 872 se·

140 928 159 988 1.
182 911 286 988 etqui
308 916 377 988 post
398 910 556 971 Usserium
579 907 735 969 historiam
791 907 955 986 quentibus
976 907 1130 967 Honorato
1146 909 1294 986 Episcopo
1308 913 1340 967 et
1353 904 1511 980 Enabe'rio,

142 1021 208 1065 uam
225 1002 395 1077 tradidere,
413 1005 560 1077 Vossius,
578 1004 735 1077 Henricus,
790 1018 867 1078 quos
884 1007 1006 1061 sanctos
1022 1002 1130 1062 iratres
1146 1002 1293 1080 appellat:
1312 1006 1344 1060 et
1368 998 1514 1059 duodevi-

142 1099 191 1159 bm
208 1098 239 1163 2.
255 1103 286 1158 et
302 1096 466 1175 appendice
491 1097 529 1158 ad
550 1096 737 1156 dissertatio·
791 1096 905 1173 gesima
930 1095 1127 1173 reliquaeque
1152 1093 1328 1169 loviniano,
1349 1091 1512 1167 Mineruio,

155 1192 264 1270 quinta
275 1189 417 1269 synodo,
432 1189 597 1251 Garnerius
610 1187 648 1249 ad
661 1190 737 1250 Mer·
791 1188 877 1249 alteri
899 1187 1017 1249 Leontio
1038 1195 1069 1248 et
1093 1187 1250 1249 Tbeodoro.
1272 1188 1319 1247 Ex
1336 1186 1384 1245 his
1401 1185 1513 1246 duode-

142 1309 166 1359 ι,
184 1288 278 1363 atque
294 1280 425 1344 editores
442 1280 567 1361 operum
583 1282 736 1360 Prosperi,
791 1282 938 1360 vigesima
955 1288 1003 1342 est
1019 1282 1056 1343 de
1073 1282 1171 1343 tribus
1185 1280 1345 1360 generibus
1355 1278 1516 1339 monacho-

142 1377 185 1433 tra
194 1370 519 1449 (insolentem-scripsit.
531 1370 590 1432 Sed
605 1370 643 1431 de
659 1369 739 1431 Gen·
791 1391 880 1448 rum,
898 1377 950 1452 qui
975 1383 1048 1437 sunt
1070 1373 1265 1449 coenobitae,
1286 1371 1512 1446 Araeboretae,

142 1463 302 1544 ingilletim
316 1471 437 1544 praeter
457 1464 588 1526 editores
608 1463 738 1525 adeundi
791 1473 823 1526 et
841 1464 1025 1529 sarabaitae
1046 1471 1111 1530 sive
1133 1486 1188 1531 suo
1206 1467 1294 1547 jure,
1311 1466 1394 1528 nulla
1410 1463 1515 1542 regula

142 1560 216 1618 ttius
232 1564 305 1617 tom.
327 1558 395 1618 XIV
418 1560 538 1618 Memor.
556 1559 733 1619 Ecclesiast.
791 1561 953 1638 viventes,
975 1561 1065 1622 etde
1086 1561 1214 1641 quarto,
1235 1559 1315 1639 quod
1342 1560 1384 1617 ait
1408 1571 1515 1615 recens
1545 1597 1548 1601 ·

142 1667 158 1711 s
178 1652 274 1713 liuius
296 1652 326 1709 in
348 1650 472 1711 historia
492 1652 641 1712 Massiliae
659 1650 733 1712 libro
791 1656 957 1714 accessisse
982 1671 1216 1734 pyrovaporan.
1247 1652 1373 1713 Collatia
1397 1648 1513 1708 decima

144 1747 213 1805 inus
231 1751 312 1805 tomo
323 1746 335 1804 l
348 1761 414 1823 pag.
431 1744 519 1806 4434.
534 1761 597 1824 seq.
616 1750 648 1805 et
664 1743 736 1804 Gui-
791 1749 880 1807 tertia
893 1754 941 1808 est
955 1748 1082 1809 celebris
1099 1749 1148 1808 illa
1163 1749 1275 1826 scripta
1291 1747 1370 1805 circa
1389 1742 1514 1802 Annum

142 1839 269 1918 {aperus
280 1840 309 1897 in
320 1835 405 1897 Actis
418 1837 596 1899 Sanctorum
607 1838 735 1900 45444ἰί
791 1840 850 1901 tat
864 1840 1006 1903 damnata
1020 1858 1038 1901 a
1051 1841 1170 1902 Gelasio
1188 1843 1266 1920 Papa
1283 1847 1314 1900 et
1330 1836 1515 1898 Arausicaoa

142 1949 205 2012 pag.
217 1933 285 1993 458.
303 1948 349 2010 sq.
367 1932 503 1992 Cassiani
518 1934 630 2010 scripta
647 1939 729 1993 sunt.
790 1934 933 2012 Synodo,
950 1937 999 1996 cui
1024 1935 1196 1996 PROSPER
1210 1937 1289 1995 circa
1306 1932 1428 1993 Annum
1445 1929 1512 1989 432.

142 2024 178 2086 ni
190 2025 210 2086 l
212 2026 241 2086 V.
256 2022 292 2085 de
307 2024 452 2086 institutes
469 2024 688 2086 Goenobiorum
705 2025 733 2100 b)
791 2025 903 2089 libram
913 2033 1019 2089 eontra
1034 2026 1215 2092 collatorem
1228 2027 1376 2107 opposuit,
1387 2030 1418 2084 et
1433 2038 1511 2101 quae

142 2137 181 2182 ue
209 2121 472 2192 renuntiantium,
495 2119 532 2179 ad
557 2119 735 2196 Castorem,
791 2123 821 2181 iu
839 2124 976 2202 Prosperi
997 2122 1072 2202 Opp.
1094 2124 1174 2183 sicut
1195 2121 1332 2200 Prosperi
1352 2117 1426 2180 liber
1442 2130 1513 2177 eum

142 2214 221 2276 uliae
240 2215 269 2272 in
288 2212 383 2273 Gallia
398 2213 592 2290 Pontificem,
613 2229 683 2274 eum
701 2211 736 2273 li-
790 2216 934 2278 Cassiano
955 2218 1076 2296 saepius
1104 2217 1197 2276 variis
1228 2217 1258 2274 in
1290 2212 1363 2274 loeis
1394 2210 1512 2291 prodiit.

142 2312 164 2368 ta
185 2305 222 2367 de
241 2305 382 2367 remediis
403 2309 465 2366 octo
488 2304 672 2384 Capitolinos
691 2303 736 2367 ai·
789 2310 889 2371 Etiam
910 2310 1043 2388 priorum
1064 2311 1257 2370 collationum
1272 2308 1335 2369 Vll.
1352 2307 1512 2385 Epitomen

156 2400 393 2479 Gastrimargiae
407 2447 413 2478 ‚
428 2401 554 2478 spiritus
571 2400 738 2461 lomieatio-
792 2405 928 2465 Latinam
945 2404 1164 2466 EUGHERIUS
1188 2401 1395 2479 composuisse
1420 2396 1516 2458 videri

142 2495 305 2572 largyriae,
327 2495 402 2568 irae,
420 2494 579 2568 tristitiae,
596 2491 735 2568 acediae,
790 2503 910 2576 potest,
927 2502 998 2557 nam
1024 2503 1055 2557 et
1079 2496 1146 2574 ejus
1171 2496 1317 2558 Graecam
1343 2493 1516 2553 versionem

142 2590 192 2650 iae
202 2594 234 2647 et
246 2587 411 2666 superbiae.
433 2588 479 2648 Ex
497 2587 646 2666 prioribus
661 2604 735 2665 qua·
791 2591 863 2670 legit
882 2591 1007 2651 Photius
1033 2590 1105 2653 Cod.
1135 2590 1201 2652 497.
1227 2595 1259 2650 et
1281 2587 1515 2663 idanuscriptanr

142 2684 180 2742 ris
196 2683 347 2760 epitomen
370 2682 458 2741 unico
479 2681 634 2743 volumine
655 2697 736 2741 com·
790 2682 872 2744 illam
889 2685 920 2744 in
937 2685 1085 2762 Caesarea
1102 2684 1239 2745 biblioth.
1260 2683 1376 2743 notavit
1391 2679 1516 2740 Lambe-

142 2771 387 2836 tEUGllERlUS
408 2774 639 2852 Lugdunensis,
655 2780 735 2834 teste
795 2779 861 2839 eius
878 2785 950 2838 tom.
970 2778 1028 2848 tv,
1044 2796 1111 2858 pag.
1132 2779 1199 2839 466.

141 2871 168 2929 44
189 2885 254 2946 cap.
276 2869 324 2926 63.
347 2868 431 2928 illam
452 2869 603 2946 epitomen
625 2868 738 2928 Graece
833 2872 890 2949 (69
911 2869 1119 2950 Volparlzzate
1139 2871 1189 2933 nel
1208 2870 1308 2934 Secolo
1329 2870 1403 2932 XlV.
1419 2871 1517 2929 Laeca

155 2960 278 3022 videtur
301 2962 410 3038 legisse
432 2963 564 3021 loannes
585 2963 738 3023 Climaeus
792 2965 891 3040 4856,
910 2965 938 3024 8.
955 2983 973 3024 e
993 2964 1130 3026 Tradotte
1157 2964 1197 3026 da
1213 2963 1322 3025 Bened.
1337 2961 1417 3045 Bnffi
1443 2960 1517 3021 Ere-

142 3055 173 3119 V.
202 3061 234 3114 et
258 3054 383 3115 Photius
412 3053 484 3116 Cod.
515 3053 581 3114 497.
609 3052 736 3115 eandem
790 3057 867 3118 nnita
884 3054 1110 3121 Camallolense
1130 3059 1255 3118 Venezea
1273 3057 1372 3131 4563,
1392 3055 1439 3129 i.)

148 3166 226 3228 quae
240 3148 300 3209 MS.
320 3149 349 3205 in
367 3148 459 3206 variis
476 3145 734 3221 Bibliothecis,ut
829 3151 858 3212 3.
879 3152 923 3210 De
944 3148 1149 3210 incarnatione
1171 3146 1312 3222 CHristi,
1332 3152 1437 3206 contra
1458 3148 1516 3207 Ne-

142 3258 178 3316 a,
193 3239 230 3301 de
247 3256 308 3317 qua
325 3240 503 3300 Lambeeius
517 3245 599 3299 tomo
610 3240 659 3317 tv,
669 3256 734 3319 pag·
790 3245 918 3308 storiam
931 3244 998 3305 libri
1012 3243 1076 3304 Vll.
1090 3243 1128 3304 ad
1142 3245 1272 3303 Leonem
1286 3243 1455 3301 Romanum
1466 3256 1518 3318 pe

142 3342 248 3394 -tomo
270 3335 313 3407 V,
335 3350 401 3411 pag.
428 3330 499 3393 eto.
524 3333 616 3411 Regia
636 3338 668 3392 et
686 3332 737 3392 le·
793 3345 860 3400 stea
884 3339 1088 3418 Episcopum,
1119 3339 1251 3416 primum
1284 3334 1356 3395 editi
1382 3333 1516 3394 Basileae

142 3447 162 3488 4
179 3429 271 3489 Paris·
287 3433 367 3487 teste
383 3424 530 3485 Richardo
545 3425 666 3485 Simone
677 3428 698 3487 t:-
715 3425 736 3484 l·
794 3433 871 3494 4534
885 3478 893 3507 ,
907 3433 934 3492 8.
951 3431 1056 3493 multis
1073 3431 1173 3492 adhuc
1185 3430 1259 3491 loeis
1272 3477 1279 3507 ,
1293 3430 1399 3491 Vossio
1418 3429 1517 3507 Epist.

142 3539 160 3583 e
187 3523 217 3579 in
248 3519 463 3580 bibliothecam
492 3518 737 3584 Ecclesiasticam
794 3526 862 3586 lbi.
874 3522 985 3602 judice,
996 3523 1144 3586 medicam
1159 3540 1283 3585 manum
1298 3522 1515 3583 desiderantes.

142 3632 210 3676 nam
227 3632 292 3693 pag.
312 3616 365 3676 454
389 3629 453 3690 seq.
470 3609 606 3672 Eandem
625 3627 662 3670 ex
681 3611 737 3672 Co
789 3616 927 3679 Prodiere
944 3619 1036 3678 etiam
1053 3620 1163 3697 iulos.
1181 3618 1298 3678 simleri
1322 3618 1448 3695 Scriptis
1465 3632 1518 3693 ve-

142 3711 302 3787 empsiano
319 3705 413 3767 edidit
429 3721 500 3766 cum
511 3704 739 3764 14ῑί4444444-
792 3718 893 3771 terum
910 3711 1024 3771 Latinis
1051 3710 1088 3771 de
1115 3727 1176 3772 una
1192 3727 1320 3789 persona
1345 3716 1376 3770 et
1397 3708 1516 3772 duabus

142 3801 297 3863 berrimus
321 3799 551 3861 Montiaueonus
578 3802 660 3856 44440
686 3797 736 3856 lll·
793 3807 911 3866 naturis
930 3805 1024 3867 JESU
1045 3788 1203 3867 cnmsrr.
1227 3807 1329 3883 Tiguri
1353 3804 1449 3877 4572,
1468 3803 1516 3864 444.

142 3896 201 3957 rS·
220 3893 375 3955 Athanasii
393 3910 459 3972 pag·
477 3891 545 3953 36⁶·
594 3890 596 3896 ⁴
832 3901 911 3961 Libri
938 3899 976 3962 de
1001 3901 1150 3960 institutis
1177 3897 1397 3960 Coenobiorum
1420 3903 1452 3956 et
1476 3895 1514 3954 de

790 4000 858 4055 octo
883 3995 1024 4055 vitiorum
1052 3992 1195 4053 remediis
1226 3988 1362 4069 prodiere
1383 3989 1518 4050 venetiis

142 4147 168 4259 ξι
196 4135 345 4185 cassianum
372 4140 446 4184 uotet
473 4133 575 4182 Grotius
603 4129 634 4180 ad
662 4133 744 4184 tuone
792 4088 1027 4244 ἑζξῗιέἃέοξῇἕέ
1050 4083 1518 4242 {5m4f907nafofffssgugzztr5ff

153 4245 161 4260 .
1029 4225 1036 4257 r
1095 4226 1102 4239 ·
1201 4225 1211 4255 r
1250 4223 1258 4236 ·
1322 4221 1339 4255 υ
1512 4220 1519 4250 r

142 4285 226 4335 sstttoo
238 4285 420 4334 4444444444
434 4286 461 4332 14
473 4282 597 4333 honorem
608 4285 633 4330 ⁸·
645 4281 746 4332 cresto·
795 4278 825 4337 8.
846 4273 920 4337 lude
929 4273 1040 4337 additis
1050 4276 1141 4335 etiam
1156 4272 1240 4333 libris
1250 4270 1399 4332 adversus
1415 4270 1521 4329 Neste

142 4362 304 4409 settemuum
318 4361 386 4419 viget
397 4393 404 4416 ,
417 4357 460 4406 ubl
475 4358 567 4408 colitur
582 4359 636 4420 etas
649 4368 746 4407 memo·
796 4373 876 4432 rium
886 4370 989 4431 Man-0
999 4368 1271 4448 Hopperoourflnoe
1284 4363 1419 4425 133311030
1432 4361 1520 4436 4559²

142 4434 211 4570 :¹115
222 4440 290 4557 ’4114ῗο
300 4431 747 4569 Ἓξ,ᾞἛἫυᾞοξὶἶῗειῗῗζζ
799 4463 847 4524 444.
867 4462 905 4524 ad
919 4462 1034 4525 calcem
1050 4477 1176 4541 operum
1193 4459 1317 4519 loannis
1333 4455 1522 4527 Damasceni,

158 4591 184 4634 et
203 4583 235 4633 de
252 4583 334 4645 petria
349 4583 463 4631 casstent
478 4579 698 4643 Gallo-provincie
714 4579 747 4629 ed
785 4595 789 4603 ·

142 4658 171 4708 04
184 4694 193 4717 ,
205 4669 277 4706 uum.
292 4657 333 4708 44.
349 4669 403 4719 seq.
416 4662 463 4707 tn.
476 4653 541 4714 419,
555 4667 625 4704 num.
638 4653 678 4703 58.
692 4667 746 4716 seq.

142 4769 147 4792 ,
167 4744 237 4780 nuru.
256 4729 295 4779 lb.
311 4742 365 4791 seq.

838 4702 865 4783 4)
877 4706 943 4769 apud
953 4705 1087 4755 Photlum:
1100 4685 1168 4762 περὶ
1181 4683 1240 4746 τῶν
1253 4681 1334 4742 κατὰ
1345 4673 1398 4744 τὴν
1409 4678 1525 4748 Eritne

142 4805 268 4856 ,entellum
285 4810 310 4852 et
326 4805 500 4865 aegyptiorum
518 4803 628 4851 maxime
640 4805 666 4848 er
679 4801 746 4863 „ud
790 4770 892 4837 4444444·
909 4788 945 4836 lte
963 4787 1028 4835 sceti
1044 4797 1129 4835 eremo
1144 4787 1242 4846 ngqpu
1260 4794 1275 4830 4
1292 4780 1425 4831 4444444444
1442 4784 1524 4827 eter-

142 4877 361 4937 redundaturum,
378 4890 487 4941 quorum
500 4879 611 4928 rationes
629 4877 745 4937 tuprtrnte
791 4871 828 4919 tto
841 4862 943 4914 saeculo
958 4861 1133 4922 frequentata,
1151 4872 1205 4909 rem
1222 4864 1309 4907 notem
1326 4866 1456 4913 memoro,
1474 4866 1525 4940 uu·

142 4996 143 5003 1
170 4954 320 5003 6444444444
346 4955 449 5014 scripsit
473 4954 561 5002 Castor
585 4951 611 4999 in
637 4950 746 5011 praefixa
792 4941 824 4992 de
840 4951 911 4990 error
927 4936 1074 4998 manifestus
1090 4945 1198 4994 eorum,
1216 4934 1261 4996 qul
1278 4929 1437 4991 describit
1455 4940 1526 4989 cogr-

142 5018 190 5080 'ad
208 5027 358 5078 cessionum
374 5027 492 5090 Epistola.
794 5026 899 5074 terere,
916 5020 942 5063 et
963 5011 1078 5073 scytham
1094 5010 1209 5060 lecerunt
1227 5009 1385 5059 cessionum.

1199 5111 1238 5172 bb
