3464 5318
215 333 276 393 333
528 285 531 290 ’
793 319 1140 387 3333303333

214 436 273 495 ‹luo
291 436 332 496 arl
344 435 477 516 corporis
491 431 618 494 aelidem
629 431 792 510 pertinent,
806 433 863 494 otii
872 432 930 492 duc
985 437 1015 492 ct
1032 429 1122 490 rebus
1137 426 1231 504 gestis
1241 423 1341 485 hrturi
1357 422 1458 501 magni
1474 420 1611 483 tenditur
1626 439 1700 484 com-

88 578 90 583 .
217 528 378 588 adcurcm
398 525 660 586 animorum.llem
675 523 932 586 atitrtateuciatt
984 523 1132 602 posuisse.
1188 584 1191 589 ,

216 620 383 681 Zrucbium
398 665 408 694 ,
424 624 453 679 ct
469 617 597 679 chltii
607 615 650 677 ad
662 617 865 696 dompetram.
878 621 931 679 llic
1023 611 1161 674 Andreas
1172 609 1383 683 ntNoULUS,
1396 626 1489 688 supra
1499 610 1532 668 io
1542 607 1701 683 thobal,

214 719 261 772 est
285 715 417 774 ioannes
444 713 652 792 Dampetrus,
678 710 779 787 junior
804 712 931 773 tortasse
987 713 1058 767 tom.
1079 708 1105 767 3.
1122 721 1189 783 pag.
1204 705 1251 762 88.

212 820 302 883 quam
324 811 359 864 ut
381 805 437 864 hoc
458 804 523 865 loco
539 821 557 865 a
575 822 624 864 me
641 806 870 865 commemorari
881 804 933 864 de-
1027 795 1191 862 cnihtmus
1216 795 1388 868 onNoUS,
1413 792 1584 897 3333333333,
1608 797 1702 856 liona-

210 898 298 971 beat,
313 895 418 958 Gallus
436 897 599 958 Monachus
618 898 858 973 Franciscanus,
877 897 961 958 sed
986 894 1063 954 chus
1089 890 1211 952 Ordinis
1237 889 1420 962 Servorum,
1442 886 1534 964 cujus
1554 887 1630 948 oihil
1650 891 1701 947 nisi

211 991 241 1048 in
258 988 346 1065 cujus
365 990 552 1051 carminibus
569 990 594 1064 3)
617 990 633 1048 J
637 990 687 1051 nlu
704 991 844 1051 Caesaris
862 991 933 1053 Sca·
985 987 1144 1048 Sermones
1159 981 1441 1060 Quadragesimales
1459 986 1492 1041 ct
1515 997 1571 1058 per
1593 997 1701 1051 annum

212 1082 295 1161 333333
309 1080 423 1160 Judtcm
438 1084 556 1143 nullum
570 1083 749 1152 claustrum
764 1082 895 1145 nullam
889 1102 933 1142 33
986 1077 1203 1150 Dominicales,
1234 1075 1372 1150 Pitseus,
1400 1089 1467 1152 pag.
1495 1072 1557 1134 853
1578 1089 1702 1133 comma

211 1176 318 1234 venias
334 1177 493 1236 cucullam
512 1176 661 1236 Nonnulla
678 1192 781 1239 eorum
799 1175 907 1235 obvia
901 1194 931 1235 m
986 1176 1091 1232 morat.
1122 1169 1138 1204 ’
1169 1165 1341 1228 Florebat
1335 1184 1365 1226 m
1393 1165 1526 1244 collegio
1548 1165 1700 1225 Parisiensi

212 1269 331 1327 Gruteri
349 1267 463 1327 33333333
480 1271 638 1330 Poetarum
660 1268 832 1343 Gallorum,
858 1274 929 1328 tom.
985 1263 1043 1326 dn.
1065 1263 1152 1325 3353.

214 1362 241 1420 3.
257 1378 321 1438 pag.
338 1362 406 1420 833.
424 1364 457 1420 33
471 1360 730 1438 hendecasyllabis
746 1363 811 1423 suis
823 1359 860 1422 ad
876 1362 932 1423 Ca·
1026 1353 1250 1417 Ddh'lCdlthl
1262 1369 1366 1414 rerum
1378 1353 1546 1432 scriptores
1561 1352 1701 1414 hacteuus

213 1453 323 1515 tullum
346 1455 432 1514 visus
453 1455 587 1531 proxime
612 1453 763 1516 accedere.
779 1454 853 1515 Vide
870 1455 931 1515 cla·
985 1451 1112 1529 sparsim
1130 1447 1286 1526 prodiere,
1301 1448 1330 1505 in
1351 1445 1474 1524 Erpoldi
1498 1445 1700 1524 Lindenbrngii

100 1608 102 1613 ,
214 1547 283 1605 3333.
301 1546 513 1607 heumannum
530 1546 567 1607 33
583 1545 804 1609 sammarthani
822 1546 871 1606 lib.
891 1551 929 1624 3,
986 1541 1181 1622 scriptoribus
1190 1537 1702 1618 septentrionalibusquidemplllh-

213 1638 287 1714 elog.
307 1641 354 1699 33.
984 1637 1061 1697 llUS
1079 1634 1270 1706 Bremensis,
1295 1632 1332 1691 de
1351 1633 1412 1692 situ
1435 1634 1572 1706 Daniae,
1596 1632 1701 1710 dequo

253 1729 478 1793 ohuroorus
495 1775 502 1807 ,
519 1733 681 1795 Monachus
696 1733 931 1811 benedictinus,
986 1727 1100 1787 dictum
1115 1740 1207 1804 supra
1221 1731 1293 1784 tom.
1310 1726 1378 1802 l.p.
1392 1725 1412 1783 8
1432 1729 1526 1802 atque
1547 1722 1660 1785 Auctor
1669 1725 1700 1783 33.

213 1825 242 1882 33
262 1827 443 1886 monasterio
460 1827 675 1901 Pontiretensi,
697 1828 754 1886 sivi
771 1828 933 1888 Pontisira-
985 1819 1106 1899 Origine
1138 1818 1421 1879 60000130οῡ00οΙ
1449 1824 1481 1878 00
1514 1817 1554 1878 (le
1579 1818 1701 1897 Regibus

212 1916 269 1990 cti,
284 1917 383 1996 oppidi
400 1920 477 1980 inter
493 1920 691 1980 Dnncastrum
710 1926 741 1981 33
754 1919 931 1980 Eboracum.
986 1911 1122 1990 ejusdem
1136 1910 1254 1985 Gentis,
1265 1910 1364 1986 deque
1376 1909 1546 1970 eorundem
1558 1911 1649 1972 rebus
1657 1929 1702 1990 gc·

211 2010 287 2088 Ejus
305 2030 364 2073 non
383 2015 440 2073 nisi
458 2012 618 2089 homitias,
642 2014 751 2075 Baleus
768 2016 844 2088 Xll,
870 2016 932 2089 03,
988 2008 1044 2065 slis
1060 2021 1157 2082 003300
1176 2003 1213 2065 ad
1229 2002 1264 2063 A·
1285 2002 1320 2063 G·
1339 2003 1418 2063 ⁴288
1432 2002 1471 2064 de
1488 2019 1553 2081 quo
1579 2004 1654 2064 inira
1676 2007 1701 2062 io

211 2121 228 2164 3
247 2104 377 2166 Lelando
394 2114 425 2166 et
441 2109 561 2168 Pitseus
578 2124 643 2185 pag.
662 2107 716 2167 833
739 2115 915 2168 memorant.
987 2097 1111 2160 ElthO.
1130 2095 1244 2158 Deinde
1268 2095 1421 2174 83000000
1437 2097 1562 2172 300000
1585 2095 1702 2175 Stepha-

250 2199 382 2258 33333
399 2198 549 2274 33333,
567 2198 880 2276 annunciante,
897 2199 934 2262 3
987 2192 1036 2250 nio
1057 2195 1181 2251 curante
1198 2190 1322 2250 SVENO
1340 2187 1473 2266 033030
1489 2189 1522 2248 r.
1547 2195 1580 2249 et
1608 2188 1701 2250 000

212 2291 361 2365 smmis,
373 2291 771 2354 hstrouomusclaruscirca
785 2290 841 2353 ho.
854 2295 932 2355 3330
986 2283 1217 2356 6000000000,
1235 2280 1272 2342 00
1289 2280 1577 2359 (3000000010οΜ
1597 2283 1701 2344 50000

216 2387 336 2463 scripsit
353 2384 488 2445 Ccnones
499 2383 692 2461 tabularum,
707 2391 798 2463 atque
808 2384 935 2465 3333333-
989 2373 1194 2455 niquejuncta
1204 2374 1582 2453 ΑΝΟΝΥΜῙΕΘο0030830
1595 2377 1700 2454 fletum

212 2476 270 2548 les,
290 2492 345 2536 nec
359 2493 419 2536 non
437 2474 473 2536 de
490 2475 674 2554 astrolabio,
692 2486 723 2538 33
739 2478 776 2539 33
792 2478 935 2540 33333333-
989 2471 1100 2530 Dalilae
1117 2471 1135 2529 0
1152 2471 1236 2531 0000
1262 2469 1299 2530 td
1317 2466 1573 2549 christophorum
1590 2471 1624 2544 ¹2
1644 2471 1700 2529 000

214 2565 313 2627 nibus.
340 2566 416 2630 Vide
439 2586 517 2646 quae
547 2572 646 2631 notavi
664 2571 702 2630 ad
719 2571 933 2650 Trithemium,
988 2560 1045 2622 An·
1065 2562 1153 2623 ⁴259·
1168 2564 1245 2623 Tum
1262 2563 1388 2624 alterius
1398 2560 1701 2625 ANONYMIChronl·

215 2676 241 2718 c.
265 2661 333 2721 58t.
988 2671 1044 2716 con
1063 2656 1207 2716 llanicum
1222 2656 1260 2717 ab
1276 2654 1329 2717 Ao.
1346 2656 1425 2720 3028
1443 2655 1601 2735 usquead
1623 2656 1699 2719 titt.

255 2751 332 2813 *Est
343 2754 424 2833 apud
436 2773 485 2817 me
496 2756 732 2816 commentarius
743 2756 834 2817 huius
844 2759 933 2818 toan·
988 2747 1072 2820 0000
1090 2748 1700 2828 0308-31030300000130000300010

215 2846 262 2903 nis
283 2848 314 2905 in
334 2845 537 2907 tlchalbitium
559 2854 766 2908 astronomum
784 2847 885 2909 editus
902 2852 931 2910 in
991 2857 1106 2920 gnatus
1119 2886 1127 2916 ‚
1142 2841 1222 2920 Lips.
1240 2843 1336 2913 3695,
1354 2843 1383 2904 8·
1398 2843 1513 2903 003030
1528 2843 1699 2906 00000000

216 2939 245 2998 3.
265 2940 401 3023 venetiis
419 2928 577 3003 333503.
782 2943 783 2946 ’
851 2988 854 2992 .
987 2935 1149 3012 scriptores
1165 2932 1335 2996 artoarto
1352 2936 1638 3000 duodecimobAo.
1649 2935 1698 2995 700

254 3030 419 3093 Guilelmus
442 3030 478 3091 de
495 3030 662 3094 hiuhma
681 3040 880 3110 cognomento
896 3033 933 3093 de
986 3026 1023 3088 ad
1042 3026 1119 3089 3500
1138 3029 1167 3087 33
1186 3027 1285 3091 lucem
1302 3029 1362 3091 dati
1379 3047 1399 3091 a
1415 3032 1536 3092 Joanne
1560 3033 1646 3093 Petro
1669 3029 1700 3089 da

212 3126 243 3185 S.
262 3124 394 3200 Savino,
413 3127 533 3205 scripsit
549 3125 644 3186 vitam
659 3125 736 3186 bene
751 3129 860 3203 cogniti
874 3126 931 3186 sibi
987 3119 1154 3200 33333333,
1172 3123 1202 3182 33
1228 3128 1310 3185 tomo
1336 3140 1414 3184 nono
1442 3131 1698 3187 monumentorum

212 3217 346 3297 lingonis
373 3217 409 3278 de
433 3219 580 3292 Lacerta,
610 3220 856 3293 Lemovicensis,
879 3221 931 3297 qni
985 3214 1183 3290 ineditorum,
1210 3216 1344 3277 Francos.
1367 3216 1465 3290 3733,
1484 3218 1515 3279 8.
1533 3235 1592 3297 pag
1617 3217 1696 3279 t-stt

104 3376 110 3381 ,
212 3309 378 3388 discipulus
395 3310 425 3370 S.
443 3309 587 3388 Stephani
604 3311 795 3386 hiuretensis,
809 3311 932 3372 Ordinis
985 3313 1017 3368 33
1034 3325 1100 3387 pag.
1120 3309 1188 3384 593,
1204 3325 1290 3387 seqq.
1305 3308 1536 3387 AELNOTHUS,
1550 3311 1589 3373 de
1604 3313 1699 3372 vitaet

212 3403 495 3466 Grandimontensis
520 3404 698 3474 imitatoris,
722 3402 856 3464 deiuncti
874 3404 930 3466 An.
986 3402 1126 3478 Martyria
1144 3401 1173 3461 S.
1188 3401 1299 3463 Canuti
1321 3402 1431 3480 333333,
1449 3402 1487 3463 33
1505 3420 1569 3482 quo
1590 3412 1660 3464 tom.
1676 3407 1697 3463 l.

213 3497 290 3555 3333
309 3499 373 3572 ipsc
391 3494 471 3555 diem
493 3495 566 3555 obiit
582 3494 640 3554 An.
658 3493 736 3556 3357
757 3498 865 3557 3333333
883 3499 931 3558 86.
986 3493 1120 3572 pagii.
1136 3492 1315 3572 Anonymus
1331 3492 1369 3554 33
1385 3495 1530 3573 passione
1547 3497 1578 3559 3
1593 3496 1698 3564 Caroli,

216 3585 306 3647 Edita
323 3586 360 3646 ab
375 3586 536 3647 Edmundo
551 3589 702 3658 blartene,
727 3595 799 3649 tom.
822 3592 840 3650 6
857 3597 932 3651 vett.
986 3585 1114 3647 Comitis
1130 3586 1306 3662 Flandriae,
1321 3587 1430 3648 Canuti
1456 3589 1551 3668 Regis
1564 3591 1596 3650 F.
1617 3604 1698 3667 quem

214 3685 498 3753 monumentorum,
526 3681 646 3740 Parisiis
669 3680 762 3761 3730,
791 3683 839 3743 333.
865 3699 931 3763 pag.
986 3679 1133 3740 bieursius
1149 3679 1700 3759 333313333333303333333330333·

214 3770 402 3832 3333-3386.
988 3769 1094 3831 thems
1110 3772 1286 3832 hlorinensis
1300 3772 1473 3834 canonicus
1489 3775 1699 3838 'tornacensis

256 3861 380 3924 Thomas
408 3862 536 3926 baubo
555 3866 605 3941 (333
631 3868 712 3926 anim
739 3869 853 3928 rectius
877 3868 933 3930 hoc
987 3860 1025 3921 de
1042 3866 1186 3940 martyrio
1202 3863 1699 3943 ejusdemllaroli,l'aris.lbt5,t

213 3971 323 4016 nomeu
342 3956 501 4032 scribitur,
519 3974 609 4035 quam
628 3958 708 4037 apud
725 3959 880 4039 Alegrium
902 3964 932 4022 in
987 3954 1129 4017 CANUTl
1147 3959 1267 4035 llagni,
1285 3959 1397 4019 033333
1414 3957 1597 4038 3333333333
1621 3961 1701 4038 Regis

212 4048 349 4125 paradiso
365 4050 546 4111 Carmelitici
564 4050 682 4112 decoris
698 4070 728 4132 p.
743 4054 802 4116 333
819 4072 857 4115 ex
874 4057 935 4116 Pit:
987 4048 1092 4127 Leges,
1106 4066 1183 4127 quas
1200 4058 1321 4129 praeter
1338 4059 1526 4114 memoratos
1542 4059 1617 4115 tom.
1637 4056 1662 4114 3.
1676 4070 1700 4130 p.

211 4141 307 4218 3333))
325 4141 442 4218 033333)
454 4143 618 4226 Monachus
634 4146 796 4208 carmelita
811 4149 840 4206 in
858 4147 933 4209 (100.
987 4139 1046 4202 305
1063 4141 1155 4202 333333
1169 4161 1289 4221 quoque
1310 4145 1514 4223 stephanius,
1538 4164 1612 4209 cum
1636 4148 1700 4209 833

210 4234 296 4294 nobio
323 4233 448 4313 Angliae
476 4236 708 4315 Marloburgensi
746 4240 931 4318 temporibus
987 4251 1107 4314 0003))
1130 4237 1700 4318 li3·l99·DodlbertoCrantziocjus

211 4326 330 4386 llcnrici
348 4330 436 4399 sexti,
453 4329 542 4405 Regis
560 4331 638 4389 circa
650 4331 705 4390 hn.
718 4331 795 4392 3350
811 4335 931 4412 scripsit
986 4344 1045 4404 que
1062 4335 1129 4388 octo
1141 4329 1225 4390 libris
1239 4333 1362 4406 Daniae,
1379 4332 1496 4395 dictum
1516 4342 1591 4397 tom.
1606 4338 1699 4414 bpag.

209 4418 384 4480 Historiam·
399 4418 553 4500 Eclsridi,
580 4425 645 4484 sive
664 4421 791 4484 Alcredi
801 4426 929 4505 ,llagni
986 4422 1033 4481 39.
1045 4423 1158 4485 Omitto
1170 4422 1288 4485 tradere
1307 4424 1345 4486 dc
1367 4429 1592 4491 recentioribus
1600 4429 1697 4491 banio

209 4513 422 4576 Visisaxonum
441 4516 548 4594 333333,
574 4524 607 4576 33
624 4525 743 4595 praeter
763 4518 929 4581 Lelandum
985 4513 1136 4576 historicis
1152 4517 1278 4578 llaraldo
1295 4519 1460 4596 Huitieldo,
1476 4522 1596 4585 Joaone
1613 4524 1697 4584 33333-

209 4608 310 4685 3533
325 4615 356 4668 33
370 4609 494 4670 Baleum
509 4608 562 4684 xl,
578 4610 616 4670 53
627 4613 717 4672 enam
728 4612 847 4675 Pitseus
861 4629 927 4694 pag.
984 4607 1055 4681 sio
1084 4607 1216 4669 Claudio
1238 4610 1455 4691 Christopboro
1487 4613 1695 4694 Lpechandrn,

208 4681 267 4760 627
287 4699 400 4762 diserte
418 4708 556 4778 testatur,
584 4703 664 4764 unde
683 4704 927 4782 emendandum,
983 4717 1135 4778 quemque
1162 4703 1257 4764 altera
1272 4712 1356 4782 parte
1379 4707 1577 4787 integriorem
1594 4725 1611 4769 3
1626 4704 1695 4767 ochi

207 4793 287 4869 quod
304 4792 383 4872 apud
398 4795 537 4857 vossium
557 4814 623 4898 pag.
641 4798 699 4858 580
720 4815 796 4877 opus
810 4799 848 4860 33
864 4802 926 4861 vita
981 4792 1086 4853 lissimi
1099 4794 1162 4856 Caii
1175 4796 1261 4856 Fred
1273 4797 1416 4859 Schnellii
1428 4799 1584 4863 industria
1599 4813 1692 4876 erspr

247 4975 273 5034 a)
290 4976 399 5039 scaliger
416 4980 454 5027 vt.
475 4981 565 5040 poetic.
587 4993 643 5043 pag.
661 4982 707 5031 728
725 4989 747 5032 et
766 4985 843 5044 Epist.
860 4984 901 5035 nr.
1012 4984 1040 5046 b)
1051 4986 1133 5064 33333333
1147 4982 1212 5045 apud
1223 4986 1334 5034 Pitreum
1346 4982 1591 5035 lodsrrectebabet
1602 4976 1689 5032 03300
