3458 5332
709 348 886 411 uunix
1478 354 1538 415 5⁶7

146 466 174 520 at
195 460 223 517 in
251 452 346 517 iictori
363 456 473 519 Codice
488 457 643 537 Epistolae
659 457 764 519 Felicis
822 456 931 537 prodiit
948 458 977 518 in
996 456 1190 518 wecheliana
1218 457 1392 518 collectione
1416 461 1542 538 scripto-
1660 494 1664 500 -

146 553 240 615 ocium
257 549 295 610 de
309 551 405 629 ipsius
429 549 622 613 damnatione
640 549 766 628 subjuo-
821 566 888 612 rum
906 568 1007 613 rerum
1026 553 1264 629 ilungaricaium
1280 553 1426 630 papilio.
1439 550 1540 614 Etiam

155 644 232 707 lllud
251 646 292 704 ita
309 660 343 704 so
360 644 465 705 habet·
480 641 630 719 dcccciii,
648 641 703 724 qui
718 659 766 704 se·
820 646 951 706 Pctancli
963 643 1057 722 hujus
1067 641 1264 723 Genealopios
1281 644 1425 707 lliroioot
1436 645 1542 707 babuit

156 736 277 799 enodis
294 734 465 798 admonitio
480 741 665 799 statutorum
680 734 765 799 solo·
820 737 900 799 idem
930 738 1154 819 cuspinianus,
1179 739 1314 800 nondum
1335 739 1416 817 quod
1444 742 1540 801 sciam

170 849 228 892 ooo
244 829 358 891 destitit
380 845 445 892 esto
460 835 644 903 contemtor,
658 846 765 910 mepoe
820 831 926 893 editas.
944 832 1019 892 Vide
1036 834 1176 894 Vossium
1195 848 1262 913 pag.
1281 831 1351 917 dili.

146 922 765 998 scrodidi'tcorocri'sondomdioicDEtlS
860 926 977 988 FELIX
994 928 1152 989 Protensis
1179 929 1346 988 lletrusous
1362 944 1400 987 ex
1427 926 1542 988 Judaeo

146 1016 301 1099 oproloto
316 1017 464 1078 sententio
477 1016 515 1085 dc
535 1016 710 1080 sacerdotio
721 1015 766 1098 so-
820 1020 953 1082 llabbino
969 1020 1175 1095 Christianus,
1198 1036 1257 1079 nou
1276 1019 1494 1081 llominicunus
1508 1027 1545 1080 ut

146 1119 265 1174 briem
279 1111 362 1191 Erpo
375 1111 404 1173 si
418 1111 488 1192 quia
502 1111 691 1191 Episcopus,
709 1109 766 1172 cle
821 1115 906 1176 Sixto
922 1115 1051 1176 Senensi
1068 1116 1189 1190 visum,
1211 1113 1263 1174 sed
1281 1112 1544 1191 Augustinianus,

156 1204 320 1267 monachos
332 1251 341 1280 ,
353 1203 452 1266 lutcus
462 1252 472 1283 ,
483 1205 642 1285 posthanc
655 1204 768 1266 denon-
819 1210 869 1271 cui
885 1207 990 1270 Ordini
1004 1207 1062 1268 Αιι.
1081 1209 1169 1269 tois.
1198 1224 1308 1267 nomen
1335 1206 1427 1268 dedit.
1445 1211 1477 1267 et
1494 1206 1547 1267 de-

146 1317 200 1362 tom
214 1297 537 1373 eicommuntcooerit,
555 1297 768 1360 onotlicoiotit
823 1305 946 1367 iunctus
955 1303 1180 1364 estoenteuerio
1191 1302 1326 1380 proprior
1333 1301 1445 1362 Romae
1457 1302 1545 1364 4639.

146 1413 163 1456 o
183 1395 215 1457 S.
239 1397 416 1472 cmopuooto.
442 1392 652 1454 coniciendus
676 1394 768 1454 Heni.
823 1399 928 1459 Latine
942 1397 1035 1456 vertit
1049 1413 1088 1456 cx
1106 1394 1272 1472 llobralco,
1289 1401 1321 1454 et
1338 1395 1429 1454 Leoni
1446 1396 1484 1457 X.
1502 1393 1548 1454 di·

146 1504 182 1551 us
198 1488 272 1549 diss.
289 1486 327 1547 de
340 1484 460 1549 duabus
475 1485 608 1564 synodis
624 1486 769 1547 Romanis
823 1493 905 1553 cavit
920 1490 1099 1551 Psalterium
1127 1505 1198 1551 oum
1226 1489 1416 1568 argumentis
1434 1489 1463 1548 in
1486 1489 1549 1549 sin·

146 1581 375 1647 busdamnatus
389 1589 439 1643 est
455 1580 715 1658 tantummode
730 1576 767 1640 V·
824 1586 912 1664 gulos
940 1583 1075 1643 Psalmos
1091 1581 1244 1661 {notisque
1270 1581 1387 1644 editum
1413 1583 1548 1643 Venetiis

146 1677 256 1757 iugusti
273 1681 306 1736 at
322 1676 488 1753 posteriore
504 1671 646 1735 Calendis
665 1670 771 1750 dugu-
821 1679 1024 1754 otiosique
1042 1675 1110 1738 inde
1126 1676 1270 1738 basileae.
1288 1677 1392 1738 Daniel
1405 1677 1548 1738 Bombos·

146 1771 202 1831 ‚nni
220 1766 360 1846 ejusdem
378 1768 437 1829 484
453 1766 490 1829 od
503 1767 618 1829 calcem
630 1771 769 1827 nolarum
824 1774 911 1851 gius,
928 1773 981 1832 oni
995 1771 1078 1831 Felix
1104 1770 1153 1831 hic
1174 1777 1280 1833 auctor
1305 1770 1361 1830 iuli
1378 1776 1410 1830 et
1427 1769 1549 1850 adjutor
1588 1802 1594 1808 ·

146 1864 272 1941 agrium·
290 1863 334 1923 De
353 1861 488 1922 Dttrelw
505 1861 571 1922 allis
588 1858 772 1937 446441846Ιί-
825 1866 988 1928 llibliomm
999 1864 1210 1925 Hebraicorum
1222 1870 1285 1923 tam
1299 1861 1392 1923 nitida
1404 1870 1435 1924 et
1446 1879 1550 1923 enien-
1576 1930 1581 1940 ¹

146 1954 587 2032 doricuslaoobuscousulere
600 1951 772 2031 jubetllra·
826 1958 895 2021 date
911 1957 1169 2031 excudendorum,
1181 1958 1402 2019 testaturintra
1419 1955 1548 2018 duarum
1628 1988 1655 2010 ·.

146 2067 189 2123 u,
208 2049 391 2110 Carranzom
409 2093 416 2124 ‚
434 2046 618 2120 naboon,
639 2052 670 2107 el
697 2044 773 2105 alios
827 2050 1550 2130 hebdomadumspatiumversionempsalterium

146 2151 245 2205 lorum
259 2141 449 2203 collectores·
828 2148 930 2209 abillo
946 2146 1115 2208 absolutam
1135 2145 1249 2205 luisse:

146 2239 209 2300 ΗΧ
226 2237 276 2298 lv.
290 2237 542 2306 Beneventanus,
555 2251 573 2295 a
590 2233 773 2297 Theodoiioo
870 2237 1092 2301 omui-timiincoi
1102 2236 1192 2287 reticii
1204 2237 1322 2288 acumine
1335 2238 1417 2286 nutri

147 2332 264 2393 electus
279 2333 355 2408 Papa
377 2328 415 2390 ab
432 2327 489 2387 dn.
504 2327 574 2389 526.
590 2327 649 2389 lul.
667 2328 716 2389 42.
735 2325 773 2389 ad
908 2311 1442 2404 ·lionnluitsiqoinancianaiiuiuia,
1489 2388 1494 2400 Ι
1531 2388 1537 2399 ·

146 2427 196 2488 30,
211 2423 381 2502 septembr,
406 2423 455 2484 25,
470 2423 524 2500 qui
539 2427 575 2481 [ῃ
590 2426 638 2481 es,
653 2421 683 2480 ,n
707 2420 775 2497 „jus
829 2393 1006 2457 versionem
1022 2391 1088 2450 lobi
1105 2397 1137 2449 ct
1153 2390 1280 2450 alioruin
1300 2389 1445 2449 librorum
1463 2387 1553 2448 Bibli-

741 2553 743 2557 ,
829 2503 933 2548 corum
949 2528 957 2560 ,
974 2501 1066 2563 quain
1083 2484 1238 2562 Philippus
1252 2483 1372 2544 Elssius
1390 2489 1549 2556 memorat,

146 2518 309 2600 epitaphio:
1247 2578 1252 2589 ,
1279 2579 1284 2590 ,

831 2595 987 2659 nunquam
1006 2584 1078 2656 puto
1105 2578 1203 2640 lucom
1224 2576 1357 2637 vidisse:
1376 2592 1553 2657 quanquam

146 2626 253 2679 ioolatus
265 2622 459 2677 multlsliumlll
473 2619 695 2684 ploiatoiopoibis
968 2673 974 2685 ,
1132 2673 1137 2685 ¹
1277 2672 1282 2683 ι

151 2705 297 2754 promeruit
307 2699 405 2753 ouium
417 2697 581 2762 ,implumis
594 2697 689 2750 nsum,
830 2679 950 2735 constat
968 2691 997 2732 in
1019 2678 1172 2751 proposito
1194 2671 1336 2732 habuisse
1364 2676 1463 2731 totum
1485 2670 1551 2729 Vet.
1588 2744 1590 2748 Α

146 2797 324 2864 ‚nummi
339 2791 472 2872 genuina
491 2784 629 2867 Epistola
645 2785 685 2848 ad
702 2785 778 2848 σοι.
831 2770 1067 2829 Textameutum
1085 2783 1123 2827 ex
1141 2764 1275 2828 llebraco
1289 2769 1469 2825 convertere
1481 2807 1489 2837 ,
1502 2778 1554 2822 ve-

146 2903 171 2947 in
187 2884 420 2957 Arelatensem,
437 2883 559 2945 laudata
581 2883 673 2942 etiam
698 2880 777 2942 Geu-
831 2863 974 2941 ”lamque
992 2862 1059 2938 01⁰⁸
1077 2862 1119 2921 lffl'
1137 2877 1155 2921 ὃ
1172 2863 1271 2920 [θθῦθ
1287 2861 1327 2920 X·
1344 2854 1554 2939 ll⁰lfl⁸⁵l³ill¹¹i

156 2997 221 3058 cap,
243 2981 293 3040 86,
307 2979 345 3039 de
362 2979 392 3039 s,
410 2979 445 3040 Ε,
465 2975 503 3036 de
529 2993 589 3055 qua
617 2972 777 3040 adeundus
829 2956 914 3035 prius
929 2954 1025 3025 voluit
1042 2972 1080 3014 eii
1095 2953 1283 3015 Psalmorum
1302 2952 1442 3011 versione
1460 2947 1497 3009 de
1509 2950 1555 3008 in-

146 3072 316 3133 industom,
334 3073 362 3132 t,
375 3069 487 3132 Concu,
499 3069 613 3139 Galliae
626 3084 692 3146 pag,
705 3066 774 3126 244,
830 3049 973 3127 terprctis
990 3048 1098 3127 peritia
1113 3046 1260 3125 iudicium
1277 3045 1350 3107 lieri.
1368 3042 1443 3103 Vide
1460 3044 1555 3103 llum-
1667 3122 1671 3127 Ι

146 3180 196 3226 ras
212 3163 290 3225 duas
300 3180 337 3224 ex
353 3161 457 3223 isidori
466 3161 639 3223 lleroatoris
647 3160 777 3233 cilicina,
831 3139 948 3201 fredum
965 3138 1051 3217 H⁰dli
1080 3157 1146 3218 lig·
1166 3140 1233 3200 ¹⁶⁶⁴·
1261 3139 1361 3217 ⁰l³i³li8
1388 3135 1499 3241 eruditi
1517 3135 1555 3240 d.⁰

150 3275 187 3332 m
198 3254 240 3316 att
256 3271 357 3317 omnes
382 3253 548 3334 Episcopus
561 3270 621 3333 per
637 3251 776 3313 dives-303
831 3234 992 3295 bibliorum
1006 3234 1142 3293 textibus
1161 3230 1382 3308 Originalibus,
1406 3244 1553 3289 versioni-

146 3349 228 3412 nci'ag
244 3347 441 3422 constitutos,
460 3354 492 3407 ei
511 3347 637 3408 aiteram
665 3343 779 3406 expos.
831 3328 889 3388 bus
906 3327 1030 3390 Graecis
1047 3338 1079 3387 et
1110 3328 1215 3388 Latina
1242 3325 1375 3402 vulgata.
1400 3327 1490 3384 Porro
1517 3321 1555 3382 de
1585 3380 1590 3385 .

146 3443 198 3505 am
224 3442 266 3504 aa
291 3440 455 3519 Sabinam,
472 3440 596 3501 exhibet
619 3445 652 3500 ep
673 3434 778 3500 νοδηας
832 3423 968 3483 Prateusi
995 3428 1115 3502 practer
1136 3420 1272 3482 Elssium
1299 3435 1366 3498 pag.
1393 3416 1461 3479 492.
1489 3432 1553 3494 scq.

147 3540 208 3601 neit
219 3537 394 3599 Blondeuus
409 3539 438 3596 jn
450 3533 696 3597 Pseudo-ledon)
712 3548 777 3610 pag,
832 3517 1036 3577 encomiastici
1049 3514 1274 3595 Augustiniani,
1286 3508 1470 3575 consulenda
1480 3510 1555 3578 llev.

149 3648 215 3711 seq,
231 3634 275 3694 pfl
300 3630 437 3693 pmii,
463 3646 543 3709 quae
559 3627 596 3690 ad
614 3643 684 3689 eum
703 3625 781 3687 refe.
833 3608 933 3670 Wollii
952 3611 1048 3669 nostri
1061 3608 1245 3670 Bibliotheca
1265 3605 1398 3681 Hebraea
1424 3609 1497 3663 tom.
1517 3605 1528 3665 4
1544 3648 1555 3680 ,

146 3745 167 3788 ir
195 3725 275 3807 apud
308 3726 452 3800 ivonem,
477 3723 676 3798 Gratianum,
704 3721 779 3781 llur-
833 3719 899 3783 pag.
918 3703 985 3765 9⁸⁴·
1004 3709 1035 3763 θῑ
1052 3710 1123 3764 4044·
1143 3702 1170 3762 3·
1188 3719 1255 3780 pig·
1273 3699 1340 3760 935·
1359 3714 1423 3805 §eq-
1438 3704 1480 3802 ¹el
1497 3695 1556 3759 (20-

146 3838 203 3882 ium
229 3819 363 3898 aliosque
389 3819 501 3880 referre
518 3817 621 3889 minus
640 3829 780 3891 necespa-
833 3799 949 3860 lomesil
977 3797 1062 3859 Italia
1088 3797 1270 3871 orientalis,
1289 3792 1389 3856 Studio
1416 3790 1556 3869 ejusdem
1630 3824 1634 3831 -

155 3900 225 3975 esse
242 3915 394 3977 existimo,
833 3890 935 3953 Woiui
954 3893 983 3952 iu
996 3893 1095 3954 lucem
1110 3890 1180 3952 data
1195 3908 1261 3970 pag.
1284 3889 1329 3948 49.

150 4007 437 4069 LlXPETANGIUs
453 4002 659 4068 Cancellarius
676 4000 782 4079 Segni·
875 3986 893 4024 ¹*
910 3987 970 4047 Viri
995 3986 1087 4047 huius
1111 3985 1191 4047 docti
1208 3981 1430 4059 chronologiam
1448 3986 1558 4038 texens

152 4145 160 4175 ,
177 4101 378 4180 legationibus
400 4101 435 4161 ad
455 4095 652 4177 Bajazeihum
671 4088 784 4155 5000„ss
837 4081 990 4159 Fabricius
1007 4096 1066 4141 non
1086 4078 1180 4138 semel
1198 4094 1215 4137 a
1232 4091 1304 4135 vcro
1327 4072 1465 4146 aberrat,
1487 4088 1557 4176 nam

148 4201 180 4255 et
197 4191 454 4272 Zelymumobitis
471 4193 553 4253 circa
571 4187 629 4251 Αῃ.
647 4187 782 4250 itunae
836 4174 1011 4236 Dominicus
1042 4170 1188 4234 Gandollo
1218 4168 1389 4229 Genucnsis
1424 4180 1498 4270 noun·
1515 4180 1555 4223 si-

147 4305 201 4367 eps
217 4288 337 4361 clarus,
355 4286 392 4347 ad
409 4285 596 4347 Uladislaum
613 4282 781 4361 nungariae
838 4287 876 4330 ne
898 4266 1014 4329 idoneis
1043 4265 1173 4327 testibus
1190 4264 1321 4323 affirmat
1338 4258 1558 4365 Augustiniano

146 4388 240 4441 tiniae
258 4382 368 4458 llogem
388 4380 509 4457 scripsit
521 4377 654 4438 libellum
670 4371 782 4455 potnias
838 4364 937 4426 coetui
953 4369 1006 4423 ant
1021 4361 1077 4422 An.
1094 4359 1171 4421 4606
1187 4373 1255 4417 seso
1266 4356 1357 4461 illuni¹
1365 4350 1559 4456 emansisse,

146 4473 218 4535 *ibor
235 4472 327 4533 Turoi
340 4471 403 4532 sint
416 4466 721 4550 commonitionem
736 4468 782 4526 lo.
804 4541 805 4544 Ἴ
838 4456 987 4538 quomodo
1015 4472 1085 4533 ergo
1109 4470 1181 4515 vora
1205 4455 1374 4511 narraverit
1395 4445 1560 4548 Fabricius,

145 4572 263 4629 iuianus
281 4565 440 4645 subjunxit
456 4565 531 4625 libro
549 4561 657 4625 suode
672 4563 783 4623 Turon-
838 4553 889 4631 qui
907 4567 987 4612 anuo
1005 4549 1083 4611 4548
1101 4562 1209 4649 nomeu
1232 4544 1270 4604 ab
1294 4558 1329 4646 co
1344 4538 1456 4644 'datum
1480 4542 1561 4642 inter

161 4663 275 4739 origine
289 4705 297 4736 ,
313 4659 456 4737 religiono
481 4662 512 4716 et
538 4652 719 4734 tyrannide,
748 4658 784 4713 ut
838 4646 1079 4724 Augustinianus
1096 4633 1223 4699 scribit?
1237 4634 1403 4739 Fabricium
1416 4628 1560 4708 equidem

149 4771 242 4833 supra
267 4760 339 4814 tom.
359 4755 371 4814 4
388 4799 397 4828 ,
415 4768 482 4831 pag.
509 4750 578 4809 l08.
605 4745 718 4808 Deinde
734 4747 785 4808 Ni·
840 4742 870 4799 in
885 4739 941 4799 hac
958 4736 1131 4799 definitione
1156 4730 1228 4829 anni
1244 4734 1342 4807 coepti
1364 4723 1561 4831 llonacbatus

148 4865 164 4908 s
190 4852 365 4909 lleusnerus
392 4845 486 4907 edidit
512 4846 649 4903 intumo
676 4846 784 4918 quarto
839 4848 957 4895 errasse
984 4831 1172 4892 domonstrat
1200 4838 1277 4902 opus
1303 4823 1404 4901 ipsum
1426 4833 1442 4878 o
1461 4817 1561 4878 Felice

147 4957 240 5002 onum
256 4948 287 5002 et
299 4939 562 5003 consultationum
572 4933 610 4996 de
621 4934 699 4995 bello
709 4936 784 4994 lur-
840 4927 1016 5006 evulgatum
1044 4942 1092 4985 aa.
1117 4920 1205 4982 4645.
1227 4918 1257 4977 in
1275 4933 1334 4994 quo
1351 4910 1562 4992 Eremitaniim

162 5036 241 5115 Lips.
261 5033 339 5097 4596
356 5032 382 5093 4.
400 5050 465 5113 pag.
485 5030 627 5095 446-426.
646 5029 784 5106 Denique
841 5018 1020 5083 llonacbum
1034 5020 1098 5095 ipse
1113 5031 1146 5076 se
1163 5005 1560 5097 profitetunldortulitateni
