3464 5318
651 345 951 410 consinus
1459 354 1542 420 Ι381

54 461 88 518 44
104 470 202 534 nuper
219 455 249 514 in
266 461 339 514 tom.
354 453 449 533 primo
465 451 664 516 Bibliothecae
677 456 775 516 444440-
823 459 955 532 metica,
971 455 1128 519 Rhetorica
1149 465 1180 519 et
1200 460 1315 538 Logica.
1333 461 1457 523 Summa
1474 463 1546 525 Stu-

54 551 136 610 44040
153 549 244 625 Regni
263 547 378 608 Siciliae
395 547 541 608 Jobannis
554 549 704 625 Baptistae
718 548 774 610 Ga·
826 547 974 625 dentium,
993 551 1079 611 libris
1096 552 1146 612 lll.
1162 552 1428 632 Quadripertiturn
1443 572 1545 615 maru

54 645 128 704 rusii
142 687 149 717 ,
164 642 300 702 Panormi
321 639 398 702 4723
418 641 465 701 404.
492 697 494 701 ,
673 694 675 698 ,
827 643 861 705 44.
880 648 1037 726 Sermones
1057 645 1092 706 de
1109 650 1239 726 tempore
1256 647 1336 708 etde
1353 640 1479 711 8040444.
1498 651 1541 710 444

95 735 298 798 CONRADUS
315 733 350 794 de
376 731 581 796 Gerlenlrusen
601 735 773 795 nominatus
826 737 938 818 origine
955 756 1127 817 repnorum,
1139 746 1169 800 44
1183 739 1219 800 de
1232 744 1542 819 repnoRomanarurn.

53 830 93 892 ad
110 831 326 909 Episcopatum
338 815 717 907 Wormatiensem,'quem
729 836 774 891 ta·
825 833 869 892 De
886 831 1010 893 muliere
1024 829 1101 891 bena
1118 838 1145 892 44
1161 831 1252 893 44040.
1270 834 1312 893 De
1328 833 1482 895 uiduitate.
1502 836 1546 895 De

55 941 126 985 men
144 940 298 1001 nunquam
313 923 458 998 obtinuit,
475 923 595 1001 scripsit
618 924 697 984 circa
712 923 775 985 An·
825 924 1007 1004 virginitate.
1024 926 1067 985 De
1081 932 1270 1005 paupertate.
1282 926 1547 989 ueteranum

54 1035 130 1078 num
145 1019 156 1077 4
164 1017 231 1075 388.
243 1013 407 1094 Epistulam
423 1012 465 1075 044
482 1012 628 1080 Ceruium
641 1017 688 1077 VI.
706 1017 775 1078 Gal·
830 1016 902 1080 bona
919 1018 1188 1080 mortisinesse
1206 1018 1393 1081 beatitudine.
1406 1017 1549 1082 44404440-

54 1110 113 1171 liae
129 1111 261 1186 Regem,
279 1109 316 1168 de
333 1106 563 1184 concordantia,
580 1111 645 1170 sive
661 1109 700 1171 de
719 1111 776 1171 tol·
827 1131 864 1172 44
878 1104 1026 1192 beatifico.
1054 1112 1096 1172 De
1123 1111 1318 1176 000404044004
1343 1120 1542 1191 moestorum,
1617 1158 1620 1165 ·

56 1202 145 1263 leudo
162 1201 325 1261 schismate
342 1201 434 1261 etiam
446 1218 499 1279 per
509 1201 675 1263 Concilium
686 1220 777 1281 gene·
828 1208 887 1268 lis.
905 1207 1080 1268 helmstadii
1096 1206 1176 1286 apud
1193 1210 1226 1268 R.
1248 1208 1416 1268 iohannem
1434 1205 1550 1269 Andre-

56 1297 119 1357 rale
146 1294 382 1355 convocandum.
411 1295 522 1356 Exstat
547 1295 605 1356 lllS.
628 1296 775 1372 Basileae,
829 1315 878 1359 arn
899 1299 1085 1360 Schmidium
1103 1296 1139 1358 τ’*
1152 1295 1318 1375 μακαρίτην
1345 1303 1396 1378 qui
1424 1302 1454 1360 in
1475 1301 1548 1361 diss.

56 1407 94 1450 ex
113 1406 173 1467 quo
197 1388 265 1449 vide
292 1405 369 1466 quae
397 1389 515 1448 notavit
541 1389 575 1449 V.
598 1389 632 1450 C.
648 1390 777 1451 lacobus
830 1391 868 1452 de
885 1395 1052 1454 triumviris
1069 1394 1383 1456 llalberstadiensibus
1396 1391 1453 1455 Aa.
1472 1392 1551 1455 4745

58 1485 187 1543 Lenlant
202 1485 231 1543 in
249 1483 378 1543 Historia
395 1483 519 1543 Concilii
534 1484 633 1543 Pisani
651 1486 774 1559 tomi,
829 1485 909 1547 edita
920 1504 985 1566 pag.
1003 1488 1040 1547 39
1057 1493 1269 1566 argumentum
1283 1487 1486 1567 ejusexponit
1503 1488 1550 1548 his

56 1594 125 1656 pag.
143 1577 191 1637 53.
830 1580 950 1640 verbis:
977 1580 1130 1660 Imprimis
1152 1586 1267 1642 statum
1297 1581 1377 1642 04404
1401 1580 1551 1642 humanae

98 1667 301 1731 CONRARUS
316 1669 501 1745 Germanae,
519 1669 557 1730 de
574 1688 634 1748 quo
650 1671 776 1734 Vossius
829 1671 1002 1733 mutabilem
1014 1680 1043 1734 et
1052 1674 1247 1736 miseriarum
1263 1676 1417 1737 sarcinam
1430 1674 1466 1736 ob
1483 1693 1558 1736 00444

55 1781 121 1842 pag.
139 1762 205 1823 497.
221 1764 293 1824 Vide
307 1781 420 1843 supra,
439 1763 661 1825 Dominicanus.
830 1765 873 1827 les
879 1766 964 1847 ponit
975 1773 1004 1828 44
1013 1784 1072 1829 sex
1082 1768 1210 1829 ostendit
1218 1771 1422 1848 argumentis:
1440 1771 1468 1846 4)
1481 1771 1552 1848 quia

98 1856 300 1920 CONRADUS
318 1858 426 1919 Gratia
442 1857 509 1934 Dei,
525 1876 628 1937 supra,
645 1857 776 1918 Fratris.
829 1877 973 1939 praesens
987 1862 1551 1939 vitahabeatvilitateminchoationis,

97 1952 298 2015 CONRADOS
308 1953 345 2014 de
355 1952 450 2014 bledla
464 1955 610 2028 Ciuitate,
627 1955 693 2014 sive
704 1951 778 2014 4404-
831 1954 858 2030 2)
884 1954 1064 2017 brevitatem
1094 1955 1281 2027 durationis,
1302 1958 1328 2032 3)
1347 1958 1553 2035 multiplicita-

57 2043 277 2106 tersuuiemer
286 2046 407 2108 Ordinis
418 2046 656 2107 Praedicatorum
664 2045 740 2107 duos
751 2047 777 2122 a)
832 2053 894 2108 tem
911 2050 1101 2124 vexationis,
1129 2047 1156 2124 4)
1174 2049 1374 2127 'fragilitatem
1395 2052 1552 2110 continua-

56 2139 187 2200 veltres
204 2140 317 2199 iaciunt
328 2139 478 2213 nonnulli,
494 2141 564 2217 quia
582 2140 611 2199 in
627 2141 718 2200 unius
728 2139 780 2199 ho
833 2141 937 2217 tionis,
951 2142 979 2216 5)
991 2141 1176 2202 celeritatem
1191 2142 1360 2214 oblivionis,
1375 2148 1406 2203 et
1417 2143 1444 2219 44)
1462 2145 1555 2224 insta-

58 2234 150 2294 minis
167 2237 298 2293 aetatem
315 2232 422 2294 cadere
439 2250 498 2293 non
515 2236 633 2308 visum,
650 2231 731 2311 quod
742 2231 780 2293 de
832 2232 922 2295 bilem
933 2233 1551 2314 mutabilitatemvariationis.8iaputaer-

58 2344 95 2388 eo
112 2327 264 2388 lohannes
282 2326 466 2386 Trithemius
485 2328 515 2385 in
532 2324 700 2388 Annalibus
717 2322 801 2387 llir-'
832 2331 974 2406 premente
1000 2326 1158 2406 corfirmat
1172 2327 1350 2389 conradus:
1379 2332 1406 2406 4)
1431 2331 1555 2408 poeticis

59 2420 272 2499 saugiensibus
289 2419 326 2480 ad
341 2418 463 2481 Annum
483 2421 560 2483 4295
570 2427 601 2481 44
611 2420 690 2499 quod
703 2421 781 2482 idern
835 2422 1070 2500 integumentis,
1098 2423 1125 2497 2)
1154 2424 1304 2484 exsectis
1323 2422 1498 2501 pandectis,
1523 2430 1555 2484 et

60 2513 222 2576 Corradus
236 2515 408 2575 Conventui
425 2516 555 2592 generali
572 2516 714 2577 dillinitor
730 2518 784 2578 Sa·
835 2516 862 2589 3)
879 2513 1047 2593 historicis,
1064 2515 1254 2576 documentis
1268 2534 1278 2574 ε
1294 2521 1324 2575 44
1339 2515 1457 2576 banalem
1472 2516 1557 2578 440044

60 2611 170 2670 xoniae
188 2609 323 2669 interluit
354 2610 522 2670 Florentiae
546 2607 634 2670 Anno
655 2611 727 2671 4324
754 2611 781 2686 b)
835 2625 896 2687 qua
906 2608 1022 2669 ratione
1036 2607 1269 2669 homocenstuns
1282 2608 1556 2671 4444444Μο444-

60 2701 204 2778 idemque
220 2701 401 2779 glossemata
418 2719 474 2763 sua
492 2704 520 2762 in
538 2704 661 2764 Josuam
671 2702 782 2764 dicavit
834 2698 1037 2781 [arteriarum
1055 2701 1183 2763 insultus
1201 2702 1297 2782 possit
1310 2701 1399 2782 sortr's
1415 2720 1556 2782 perseue-

58 2795 168 2857 Carolo
186 2795 233 2854 lV.
251 2796 441 2873 imperatori,
460 2813 518 2856 non
532 2803 602 2857 ante
619 2795 675 2858 An.
694 2797 783 2858 43544.
834 2811 926 2870 4044,
954 2793 1117 2876 salvusque
1141 2802 1171 2856 et
1186 2795 1340 2857 4400444444
1361 2814 1552 2876 permanere.

61 2891 94 2951 Si
109 2907 179 2949 vero
194 2906 340 2968 ponamus
357 2890 555 2951 Trithemium
572 2890 671 2969 paullo
686 2891 783 2951 laxius
837 2887 924 2967 Apud
940 2889 1071 2951 eundem
1090 2890 1276 2951 Schmidium
1295 2891 1351 2951 luit
1367 2893 1427 2952 lis.
1444 2893 1556 2954 Conra-

61 2986 219 3057 looutum,
244 3000 314 3044 oum
339 2985 376 3044 ad
402 2985 458 3045 An.
478 2986 556 3046 4295
574 2987 693 3063 scripsit
710 2985 783 3045 4044
837 2982 866 3041 di
894 2981 985 3060 hujus
1001 2983 1076 3043 liber
1102 2982 1137 3043 de
1158 2983 1359 3063 prosperitate
1385 2982 1553 3058 malorum,

61 3083 199 3156 tempera
212 3079 303 3138 etiam
329 3078 456 3141 Conradi
477 3080 595 3158 ingenio
612 3079 780 3157 illustrata,
836 3077 901 3136 sive
924 3074 1066 3154 quamodo
1083 3075 1157 3135 mali
1172 3083 1407 3156 prosperentur,
1426 3083 1455 3137 44
1470 3076 1552 3136 inna-

60 3171 136 3232 nihil
155 3171 280 3250 impedit
305 3178 424 3232 caetera
440 3170 477 3233 de
495 3190 554 3232 una
571 3172 706 3234 Conrado
732 3191 781 3234 ac-
836 3173 932 3230 centes
940 3173 1121 3247 premantur
1138 3173 1167 3229 44
1181 3165 1373 3247 affligantur,
1392 3172 1421 3228 in
1433 3187 1492 3248 quo
1503 3187 1557 3248 per

61 3268 183 3345 cipere,
209 3272 240 3326 et
264 3264 301 3326 ad
329 3265 411 3325 illum
430 3266 540 3327 referre
557 3267 688 3345 scripta,
705 3283 782 3345 quae
836 3264 933 3341 capita
950 3281 1005 3324 sex
1021 3262 1227 3323 demonstrare
1244 3260 1409 3339 ingreditur
1421 3305 1428 3335 ,
1442 3262 1468 3336 4)
1479 3259 1558 3339 quad

61 3367 130 3421 tum
148 3359 228 3420 dicto
242 3359 394 3420 annalium
412 3361 670 3438 hirsaugiensium
698 3361 781 3438 loco,
838 3355 926 3436 impii
950 3355 981 3417 in
998 3354 1050 3416 hoa
1075 3353 1185 3415 mundo
1200 3371 1277 3435 prae
1294 3353 1421 3414 caeteris
1432 3370 1544 3433 prospe

60 3461 130 3513 tum
145 3469 209 3531 cap.
225 3453 292 3512 502.
310 3454 464 3513 Trithemii
481 3453 518 3513 de
531 3455 560 3514 S.
578 3455 612 3514 E.
631 3461 697 3515 tum
715 3454 782 3515 alibi
838 3456 959 3511 rantur.
978 3452 1005 3523 2)
1023 3454 1097 3530 poet
1112 3454 1142 3509 44
1154 3453 1268 3529 0404440
1292 3447 1394 3509 tristia
1413 3447 1559 3509 admisce-

59 3545 202 3608 Conrado
223 3546 475 3607 llalberstadiensi
487 3548 677 3609 tribuuntur.
705 3548 783 3610 Sunt
837 3550 938 3604 antur.
957 3546 984 3620 3)
1003 3543 1044 3604 ad
1058 3561 1145 3623 quem
1158 3544 1247 3623 finem
1257 3561 1315 3622 per
1332 3543 1424 3605 istam
1435 3559 1559 3624 prespe-

59 3647 166 3702 autem
179 3640 266 3700 haec:
281 3638 745 3721 Tripartitaperilbccedoriam,
756 3641 782 3717 0)
838 3637 959 3697 ritatem
986 3636 1184 3698 deducantur.
1204 3639 1230 3713 4)
1245 3636 1387 3717 quomodo
1400 3636 1449 3716 pii
1463 3635 1511 3698 4440
1528 3653 1559 3695 m

60 3735 131 3794 sive
154 3736 219 3794 Loci
247 3751 424 3795 communes
445 3734 782 3813 Theologico-morales,
838 3730 946 3791 munda
957 3729 1161 3805 consolentur,
1179 3737 1207 3790 44
1224 3730 1255 3790 in
1269 3729 1374 3811 futuro
1386 3729 1559 3792 4404444444

59 3844 119 3906 per
135 3829 191 3887 tria
216 3827 394 3905 alphabeta:
416 3827 543 3887 tectura
550 3874 560 3904 ,
583 3829 648 3888 sive
664 3826 784 3889 Schola-
839 3829 868 3885 44
883 3823 1072 3884 honorentur.
1091 3828 1118 3901 5)
1135 3824 1278 3903 quemodo
1294 3841 1411 3903 semper
1428 3824 1459 3883 in
1479 3823 1560 3883 ueri-

58 3919 140 3981 stica
152 3918 276 3986 Postilla
294 3916 456 3993 intubum,
472 3918 500 3993 d)
518 3925 550 3980 et
562 3919 663 3998 plures
676 3919 783 3982 Sacrae
839 3921 898 3976 4044
912 3915 973 3977 sint
983 3915 1092 3996 felices.
1112 3919 1145 3978 ln
1163 3917 1219 3978 hoo
1232 3918 1306 3977 libro
1317 3916 1475 3977 Conradus
1486 3932 1560 3994 quo-

60 4015 238 4092 Scripturae
257 4014 356 4073 libros.
374 4014 400 4088 0)
420 4012 607 4074 Glossemota
625 4011 656 4072 in
672 4010 783 4074 libram
839 4029 898 4089 que
922 4016 1024 4071 narrat
1041 4011 1149 4071 initum
1167 4028 1184 4070 a
1202 4011 1360 4087 Sylvestro
1378 4011 1413 4069 ll.
1434 4017 1557 4087 pactum

42 4107 785 4186 404004,οἀ(1440140444044440444444)44404-
838 4120 909 4165 cum
930 4103 1008 4164 malo
1024 4103 1184 4180 daemone,
1202 4103 1281 4181 quod
1299 4107 1416 4176 Benno,
1434 4103 1460 4177 a)
1478 4102 1559 4180 quod

18 4226 33 4247 ·
57 4219 146 4264 mero
164 4201 366 4276 duodenario,
385 4201 421 4262 ad
443 4201 583 4262 eundem.
602 4203 638 4262 ln
654 4207 785 4283 quatuor
839 4198 976 4258 Nicotaus
994 4199 1150 4274 Lyranns,
1164 4195 1246 4274 ,quod
1263 4199 1376 4258 AEneas
1387 4197 1512 4275 Sylvius
1528 4204 1560 4256 et

59 4293 172 4357 Libras
183 4295 414 4356 Sententiarum.
425 4296 468 4355 De
481 4295 588 4373 triuio,
604 4298 670 4358 sive
680 4298 786 4358 Gram-
841 4294 955 4354 Platina
981 4308 1041 4358 non
1066 4293 1212 4352 intactum
1230 4291 1388 4368 reliquere.
1415 4293 1561 4351 Memorat

840 4394 993 4468 praeterea
1005 4384 1145 4446 laudatus
1155 4384 1327 4445 Schmidios
1338 4382 1561 4462 ejusdemCon-

106 4466 132 4528 ὃ)
150 4466 211 4516 ΜΕ
230 4467 352 4518 '³⁰⁰¹‘um
367 4466 509 4519 ¹³⁰¹ffl⁶¹¹¹⁰
534 4473 596 4517 ¹⁰¹³·
614 4470 642 4526 ¹⁹
659 4479 719 4531 ¹⁰⁸·
735 4466 791 4519 ⁴⁶⁶·
840 4481 904 4543 radi
918 4480 977 4542 lllS.
996 4480 1026 4537 in
1039 4479 1220 4539 Bibliotheca
1229 4478 1492 4556 Gvelpherbytana
1507 4479 1561 4537 Re-

57 4543 222 4677 fflobffim
239 4630 296 4679 pig.
314 4616 369 4668 olo.
841 4572 1042 4656 sponsorium,
1061 4575 1126 4633 sive
1146 4573 1317 4631 Tractatum
1331 4587 1451 4631 mensae
1463 4567 1560 4629 Philo-

110 4689 135 4751 c)
155 4693 223 4740 ruem
239 4700 298 4740 rom.
317 4695 346 4753 4,
362 4705 421 4756 pig.
437 4692 492 4743 440.
508 4705 546 4756 sq.
563 4700 624 4743 rom.
641 4696 681 4754 44,
694 4707 718 4755 p.
734 4693 790 4745 ssa,
841 4669 996 4750 sophicae,
1020 4665 1109 4744 cujus
1135 4671 1346 4742 argumentum
1364 4671 1467 4724 auctor
1495 4665 1559 4766 ipse

56 4767 177 4815 0⁰d¹¹¹¹¹⁵
195 4774 255 4814 4044-
274 4768 325 4825 ¹¹¹.
340 4781 398 4830 444.
419 4767 487 4816 1445.
841 4765 922 4825 hunc
938 4765 968 4822 in
986 4760 1108 4823 modum
1121 4761 1258 4837 exponit:
1276 4757 1356 4835 Qaria
1368 4755 1457 4818 multi
1468 4755 1561 4817 homc-

107 4841 135 4899 d)
153 4843 236 4891 status
252 4845 368 4892 senensis
384 4843 428 4893 lib.
446 4847 485 4893 lv.
501 4845 565 4894 ltibl.
581 4848 607 4895 S.

106 4914 132 4973 e)
150 4916 311 4966 Trithemius.

105 4990 134 5050 4)
152 4993 262 5040 Leander
281 4993 395 5041 ulbertus
411 4991 442 5042 de
454 4996 519 5046 t'lrls
536 4996 674 5046 illustribus
687 4995 787 5050 ordinis
880 4991 906 5053 ἃ)
923 4992 984 5041 4444
1001 4991 1125 5040 ¹¹¹¹0¹¹¹¹¹¹¹
1142 4986 1173 5038 ¹¹¹
1186 4986 1578 5041 ¹⁰0¹0¹¹¹⁰¹¹¹¹¹¹ttlttlthwe·
1606 5051 1610 5059 Ι

56 5067 264 5118 Praedicatorum
281 5067 327 5118 lib.
342 5065 378 5128 4,
395 5080 452 5130 pag.
471 5068 528 5121 441.
835 5067 861 5120 4.
877 5078 930 5132 seq.

1696 5072 1731 5207 ⁸l
