3458 5332
634 310 970 405 urruunous
1485 344 1545 407 444

146 454 201 511 tur
214 450 253 510 ab
267 465 303 510 eo
319 452 345 526 a)
365 448 552 523 Ambrosius,
564 447 773 528 Augustinus,
826 446 984 526 hiaderus,
1007 462 1043 509 ac
1069 445 1287 526 prolegomenis
1315 449 1352 511 ad
1372 457 1489 511 tomum
1518 454 1544 513 4,

146 546 208 622 ius,
231 543 396 622 Boethius,
421 545 599 619 Caesarius,
617 541 773 605 Cassiodo·
826 542 1094 604 brunsvicensium
1121 558 1204 601 num.
1228 542 1338 603 xxix.
1367 544 1542 604 Leibnitius.

159 637 321 717 Gregorius
344 640 441 717 Papa,
458 636 582 709 11411444,
597 635 750 697 hubertus
764 678 771 711 ,
827 636 953 714 Scripsit
962 634 1267 713 Dithmarusinsigne
1281 633 1449 698 Cirrooicoo
1461 637 1544 698 bbris

146 747 196 792 rus
212 777 219 809 ,
236 730 386 804 Thomas,
403 731 532 792 Jacobus
546 729 584 789 de
604 729 772 806 voragine,
827 735 908 808 octo,
925 726 964 789 de
980 723 1074 806 gestis
1090 727 1224 806 quinque
1251 728 1469 806 Imperatorum
1491 749 1545 809 per

146 825 263 902 nieles,
279 824 407 910 Ovidius
422 830 480 886 eto.
758 874 761 879 .
827 839 922 885 anuos
943 822 1029 885 cvii.
1054 820 1181 882 Henrrci
1198 821 1222 882 1.
1245 823 1388 885 ettrium
1414 822 1542 886 filiorum

146 919 169 980 ti
185 920 256 997 quis
272 926 354 980 amat
368 935 472 981 eorum
486 918 671 997 Scriptorum
687 915 776 977 Gata-
827 917 895 994 eius
909 915 1040 992 Ottooir,
1053 917 1105 996 qui
1119 916 1220 979 dictus
1236 921 1284 977 est
1297 917 1406 991 huius,
1421 922 1452 976 et
1468 915 1546 976 0444

146 1029 161 1073 4
182 1013 350 1091 inspicere,
371 1028 500 1091 quorum
521 1011 659 1072 meminit
679 1008 774 1068 Disci-
827 1009 875 1072 444
891 1010 1036 1087 meandi,
1049 1026 1105 1073 neo
1120 1027 1180 1071 nou
1195 1010 1275 1071 tertii
1294 1008 1421 1084 0444444,
1435 1011 1486 1087 qui
1501 1008 1546 1071 di·

146 1125 168 1180 4,
185 1105 228 1165 4114
244 1105 376 1183 pmiecto
393 1105 471 1168 alius
486 1121 505 1166 a
518 1102 650 1165 Fabricio
667 1101 774 1163 Biblio-
827 1104 1100 1184 cehnturpulcber
1125 1121 1212 1184 puer,
1237 1111 1268 1164 et
1291 1103 1417 1165 Heorici
1435 1104 1479 1165 ¹11.
1496 1106 1545 1165 cui

146 1199 212 1260 rius
244 1196 403 1260 adeundus
432 1203 536 1275 esset,
557 1212 628 1257 nam
661 1208 773 1275 paucos
827 1197 963 1260 adhaesit
977 1215 1086 1263 nomen
1101 1199 1232 1279 pietatis.
1241 1197 1363 1260 Primus·
1371 1196 1465 1258 edidit
1477 1196 1546 1259 1444-

146 1289 219 1352 dum
237 1293 376 1353 emuttis
392 1291 514 1371 proiert
537 1291 585 1352 En
601 1289 704 1350 minus
720 1302 772 1348 no-
826 1308 919 1352 444444
929 1291 1113 1367 6464444444,
1127 1291 1180 1353 sed
1189 1307 1330 1353 mancum
1342 1292 1427 1352 initio
1435 1298 1467 1352 et
1478 1292 1545 1371 piu-

146 1401 158 1444 4
175 1385 311 1446 nomina:
328 1384 479 1446 iordanes
489 1399 704 1465 quopersaepe
714 1381 773 1442 uti-
825 1386 908 1448 ribus
919 1385 1053 1448 hiulcum
1064 1386 1181 1447 lacunis
1194 1385 1380 1447 Francoiurti
1392 1387 1482 1447 4686.
1493 1386 1543 1446 141.

148 1479 283 1540 Ioannes
303 1496 322 1540 a
343 1481 374 1541 S.
388 1476 771 1557 Geminiano,Guitietmus
824 1495 967 1542 recusum
989 1478 1107 1541 deinde.
1122 1477 1180 1540 An.
1202 1479 1290 1553 46641,
1314 1477 1395 1558 apud
1417 1478 1547 1541 weche-

146 1572 256 1654 philus,
269 1573 437 1649 Amoidus,
454 1575 563 1635 Petms
579 1571 616 1633 de
634 1570 665 1638 S..
682 1567 772 1631 Amo
826 1572 920 1650 tium,
945 1589 1008 1635 una
1034 1589 1104 1634 cum
1130 1573 1196 1634 aliis
1221 1572 1418 1652 scriptoribus
1443 1588 1546 1634 rerum

147 1666 261 1729 acobos
280 1668 451 1743 tanuensis,
470 1665 648 1728 Guillelmus
669 1664 700 1724 in
721 1661 770 1724 lib
825 1667 1081 1729 Germanicarum.
1096 1665 1211 1727 Deinde
1227 1658 1390 1745 separatim
1414 1665 1545 1726 Joanoos

146 1759 236 1840 pibus
248 1765 262 1834 ,'
276 1759 400 1821 Hotcirot
419 1763 449 1820 in
470 1759 520 1821 lib.
541 1757 721 1839 Sapientiae,
740 1755 774 1816 li·
825 1758 998 1821 4444664444
1016 1758 1175 1834 umam,
1203 1776 1273 1821 cum
1296 1761 1377 1820 notis
1398 1761 1548 1837 margina-

159 1853 198 1916 de
224 1854 330 1929 donis,
347 1856 478 1917 iacchus
497 1852 535 1914 de
554 1853 702 1928 vitriaco,
719 1848 775 1911 Ar
823 1855 915 1931 libus,
927 1853 1049 1915 Tabulis
1058 1853 1257 1932 genealogicis
1266 1858 1299 1912 et
1309 1851 1406 1914 indice
1416 1853 1545 1931 copioso.

146 1963 169 2010 os
195 1950 225 2008 in
251 1950 416 2009 narratorio
445 1964 520 2022 suo,
548 1945 713 2008 viridarius
743 1946 775 2005 in
824 1948 1004 2010 helmstadii
1018 1946 1105 2007 4667.
1120 1947 1148 2007 4.
1168 1946 1304 2024 Denique
1322 1945 1462 2008 laudatus
1482 1944 1547 2006 Lei-

146 2059 189 2103 am
206 2058 347 2102 sermone
360 2088 368 2119 ,
383 2043 531 2104 tierricus
545 2039 584 2101 de
600 2040 775 2101 114441444-
824 2039 940 2103 64444444
952 2041 1142 2103 hithmarum
1163 2040 1356 2116 restitutum,
1370 2046 1433 2098 toto
1451 2049 1547 2116 paene
1639 2100 1641 2104 .

146 2136 296 2212 ienesim,
313 2135 483 2196 Chronicou
499 2132 652 2215 Helipandi
669 2130 708 2193 ad
725 2147 773 2192 an.
826 2136 896 2217 ejus
921 2140 1066 2211 44444444
1085 2151 1125 2195 ex
1144 2133 1204 2196 MS.
1225 2133 1305 2211 quod
1327 2131 1547 2211 papebrochius

146 2227 341 2308 ,Aibcrtanus
350 2229 388 2289 de
399 2243 541 2290 mensura
551 2225 775 2304 unmeaning
829 2249 899 2294 cum
916 2230 966 2292 iilo
979 2229 1224 2290 comunicaverat
1242 2226 1402 2288 emendato
1414 2232 1447 2285 et
1467 2225 1549 2285 iacu-

146 2329 245 2385 tertus
261 2321 300 2383 de
317 2320 497 2402 settempliti
520 2321 639 2394 timont,
653 2317 776 2380 6411141-
829 2329 878 2388 nis
892 2323 1064 2408 ingentibus
1077 2322 1206 2401 expletis
1217 2320 1460 2400 redintegratum
1481 2318 1548 2379 vul·

153 2416 368 2496 Lugdunensis
393 2417 424 2476 in
443 2431 564 2478 summa
583 2414 734 2475 vitiorum.
829 2421 912 2501 gavit
925 2425 998 2480 tom.
1022 2419 1050 2479 4.
1076 2416 1256 2496 scriptorum
1277 2412 1545 2479 brunsvicensium

146 2509 330 2583 flfflAflUS,
348 2510 414 2569 Sive
430 2503 778 2579 DlETflMARUSrHssl·
830 2532 896 2595 pag.
923 2513 992 2575 323.
1021 2513 1195 2574 Hauoveme
1210 2506 1298 2570 4767.
1316 2506 1364 2567 441.
1389 2503 1548 2567 lacedem

146 2599 412 2677 rameseiae,
427 2601 564 2683 serpen
579 2599 662 2662 Viuo
678 2599 783 2662 S-do
831 2614 912 2670 tomo
933 2624 962 2686 p.
985 2605 1072 2668 roos.
1093 2601 1179 2666 tooo.
1203 2603 1310 2664 tarrae
1331 2601 1488 2661 4444444
1517 2603 1549 2661 et

146 2696 160 2757 Ὑί
174 2695 261 2757 tirou
279 2694 399 2756 Attium
413 2694 502 2757 4107·
518 2696 562 2756 lid
575 2694 776 2773 cangius,ex
829 2701 1055 2767 emendationes
1071 2699 1196 2760 bitmari
1210 2699 1309 2758 serius
1322 2697 1482 2755 annotatae
1495 2708 1548 2759 ex-

146 2791 221 2851 oriae
236 2781 308 2869 puto
321 2804 429 2849 errore.
452 2790 525 2849 Nam
544 2785 776 2870 STEPHANUS,
817 2772 982 2858 bibentur.
1000 2792 1087 2868 1144444
1099 2791 1285 2863 hiemarum,
1301 2789 1413 2866 inquit,
1425 2783 1482 2847 4444
1495 2801 1549 2846 rn-

146 2882 343 2943 sLeodieusis
355 2929 363 2958 ,
377 2882 429 2960 qui
446 2880 503 2942 An.
522 2882 608 2943 4442.
624 2881 710 2955 obiit,
728 2894 774 2939 ro-
827 2891 894 2953 dgm
906 2886 984 2970 nepio
998 2892 1033 2947 44·
1048 2881 1309 2946 46444444444444444
1328 2877 1455 2945 4446444444
1470 2876 1549 2941 4444-

146 3002 148 3028 =
174 2975 396 3036 1)1ΕΤ111ίΑ110
409 3021 417 3051 ,
445 2977 510 3034 sive
534 2971 773 3048 THIETMARO,
824 2989 950 3065 prorem,
963 2978 1071 3040 merito
1087 2977 1118 3038 444
1126 2975 1226 3057 pretio
1240 2974 1393 3049 4446444444,
1407 2970 1548 3054 quodres

146 3067 345 3130 wardicensis
371 3066 511 3129 coenobii
534 3065 774 3141 dobremium
827 3075 879 3138 4444·
893 3072 1150 3154 temporirpoene
1165 3069 1247 3131 441444
1266 3068 1396 3148 posteris
1423 3063 1551 3126 tradidit

146 3158 268 3234 4444441414,
280 3161 467 3220 trevirensis
478 3158 708 3239 Archiepisoopi,
722 3161 774 3238 qui
829 3187 872 3230 3ae
885 3166 961 3248 fide,-
972 3163 1175 3247 peritissimae
1197 3166 1391 3240 eorumquae
1418 3158 1552 3241 scripsit.

146 3283 148 3298 ›
167 3252 280 3314 Christi
298 3254 366 3324 666,
382 3252 455 3313 obiit
467 3296 475 3327 ,
489 3251 589 3314 tribus
605 3250 693 3314 tibris
702 3254 777 3313 scri-
829 3252 1387 3342 14444444444644444444444444444
1397 3268 1471 3332 opos
1484 3252 1550 3332 ejus

146 3346 247 3408 iditum
261 3363 279 3408 6
295 3346 426 3408 Surioet
443 3349 474 3407 in
495 3347 579 3408 Actis
597 3348 776 3410 Sanctorum
830 3355 955 3416 unicum
971 3355 1020 3414 sui
1034 3352 1100 3412 aevi
1125 3349 1303 3410 thesaurum
1326 3343 1459 3426 44441144
1475 3345 1549 3406 Ger-

146 3438 215 3520 iiaji.
230 3438 428 3520 Subiungitur
443 3446 547 3502 tamen
567 3438 776 3505 ornandam
830 3449 945 3510 manica
960 3443 1227 3527 pertimescente
1242 3442 1390 3503 saxonica
1401 3436 1550 3520 pleraque

146 3534 290 3614 ophanum
300 3532 777 3614 LeodionsemEpiatoIodetron·
830 3540 895 3603 44444
911 3539 975 3622 ipm
992 3535 1365 3618 44444444441444444
1388 3531 1558 3614 omnuim·

146 3644 185 3689 ne
205 3629 238 3690 S.
269 3627 421 3690 diodooidi
445 3629 523 3691 iacta
552 3629 610 3691 444.
632 3629 776 3706 troam
832 3631 1051 3712 tor-nemoipso
1065 3627 1244 3691 tuouieotiuo
1261 3625 1351 3689 dedit.
1374 3624 1462 3690 Urbis
1483 3628 1553 3707 Lip-

146 3725 229 3783 irium
244 3724 322 3783 Petri
333 3721 466 3802 Apostoli
483 3725 513 3783 in
528 3723 709 3786 coenobium
722 3727 778 3786 He·
831 3731 909 3805 siae,
920 3724 1043 3808 patrios
1064 3741 1167 3800 444444,
1184 3720 1317 3784 meconii
1338 3721 1469 3784 omniurn
1484 3719 1553 3800 pri-

146 3814 355 3894 rrdeshuysen.
374 3817 418 3877 De
437 3815 503 3878 oito
521 3822 550 3878 44
571 3815 731 3878 mr'rncrdis
744 3821 777 3880 S.
830 3838 917 3885 4444444
944 3825 974 3881 ot
992 3819 1116 3881 silesiae
1136 3816 1247 3893 4446444,
1270 3813 1327 3876 sub
1346 3814 1463 3876 nornine
1479 3815 1548 3892 pagi

146 3905 210 3985 4444,
237 3925 315 3987 quae
347 3911 376 3969 io
408 3910 589 3988 quibusdam
617 3909 778 3972 Codiciboo
832 3909 1553 3990 8444441414164441481444444,1141444444,1144-

146 4000 281 4064 ‚tutuo
294 4003 489 4081 adscribitur,
504 4003 573 4066 vide
585 4004 661 4065 inira
673 4004 704 4067 in
715 4004 780 4065 Nih
833 4011 1003 4092 garicisque
1019 4003 1175 4068 6444464444
1189 4008 1235 4065 eet
1245 4000 1414 4064 Historiam
1422 4005 1552 4061 ociorem

146 4094 384 4158 dOLeodicensi.
833 4119 941 4165 eorum
955 4090 1554 4182 genthomsiooebitmornmoooomfnre.

146 4191 341 4267 1111146116,
363 4192 430 4252 sive
454 4189 666 4270 DITtiAltUS,
686 4209 725 4255 ex
747 4192 779 4251 ii·
834 4196 963 4276 Etprne
984 4192 1128 4273 hisquae
1151 4187 1201 4251 4144
1217 4184 1363 4262 tradidit,
1377 4183 1465 4247 4446414
1482 4189 1554 4247 aunt

146 4284 150 4342 i
175 4284 326 4346 Comitum
348 4286 562 4348 saxonicorum
585 4285 780 4348 Waiheooeu-
838 4302 1036 4369 querensque
1049 4284 1086 4347 de
1100 4300 1157 4346 4444
1171 4281 1286 4364 offerre
1298 4282 1425 4360 4444444444
1434 4277 1551 4353 Potoni,

154 4379 267 4458 stirpe,
284 4379 547 4460 biartisburgensis
562 4380 600 4440 ab
614 4378 671 4443 An.
691 4381 778 4441 4068.
834 4381 936 4444 serm
953 4378 1115 4463 4444446444
1130 4374 1219 4441 nocti.

146 4472 203 4534 446.
214 4474 314 4553 Episc.
329 4472 369 4535 de
380 4472 472 4552 cujus
484 4480 584 4555 gente,
598 4475 662 4534 vita
673 4479 706 4534 et
716 4473 780 4536 iau·
877 4473 1046 4539 chronicon
1057 4471 1226 4535 1144444444
1241 4469 1272 4530 S.
1291 4468 1416 4546 Benigni
1434 4462 1553 4528 ormo

146 4571 283 4646 ipraeter
297 4572 433 4628 veterem
451 4568 626 4647 scriptorem
641 4565 780 4630 Chmnici
829 4569 979 4633 ,NENSIS
999 4566 1075 4629 vide
1096 4581 1205 4644 supra,
1226 4559 1399 4634 BENIGNI,
1420 4566 1492 4621 tum.
1516 4558 1552 4634 4,

146 4662 241 4721 titum
250 4661 551 4743 merseburgensium,
564 4658 643 4740 apud
656 4658 781 4722 lieinec-
834 4679 901 4742 pag.
917 4662 986 4724 493.
1141 4665 1146 4679 “
1202 4731 1210 4738 ,

150 4752 329 4829 ,hiaderum
356 4771 422 4834 pag.
449 4754 519 4817 265.
542 4759 573 4816 44
600 4753 779 4815 Leibnitium
872 4750 964 4816 Liber
974 4750 1180 4833 Pontificium,
1193 4744 1552 4828 qnidicitnrDlUitNUS,

154 4850 184 4924 4,
202 4864 268 4928 pag.
287 4846 356 4928 427,
372 4849 459 4928 ptura
477 4850 654 4911 heineecius
668 4849 733 4928 ipse
748 4855 780 4908 et
834 4847 974 4913 laudatur
988 4847 1026 4910 ab
1036 4849 1129 4908 lvone
1144 4843 1324 4907 carnotensi
1337 4842 1432 4920 Epist.
1447 4841 1496 4903 66.
1513 4844 1551 4904 nd

146 5059 236 5111 446444
248 5058 348 5112 6444446
369 5057 487 5122 catalogo
500 5064 563 5111 tiss.
575 5061 640 5113 athi.
656 5060 784 5121 644411444-
830 5064 963 5126 burgensis
975 5073 1032 5124 pag.
1045 5061 1084 5111 46.
