3464 5318
647 347 953 409 atellanos
1478 354 1541 417 543

99 456 256 516 Volumina
279 456 456 517 Sermonum
477 454 514 516 ‹lo
535 461 663 536 tempore
683 457 772 519 Anno
827 454 935 516 dastus
949 459 1104 532 praeterea
1127 452 1257 513 ineditos
1274 453 1393 531 eiusde
1412 457 1555 539 Offendu-

60 550 146 611 4346.
167 550 211 610 De
226 549 345 611 Sanctis
357 550 414 610 An.
430 548 518 612 4373.
825 566 900 610 sono
909 546 1097 609 monasterio
1113 549 1317 608 cementarios
1327 563 1555 617 commemorat

98 643 142 724 De
158 641 324 722 4494444444
337 643 496 725 princepiis
521 643 726 718 naturalibus,
740 650 773 704 et
827 643 901 706 Vide
922 643 1069 705 lacobum
1087 643 1201 713 0444444.
1225 649 1297 702 tom.
1317 645 1343 703 4.
1362 660 1429 724 pag.
1446 646 1515 710 374.

59 754 91 796 m
113 735 225 797 librum
245 738 269 796 Ι.
288 736 485 818 Physicorum
500 737 669 801 Aristotelis
684 737 722 800 ad
739 739 772 797 F.
865 739 995 799 locanes
1014 736 1164 809 FABER,
1182 734 1434 813 burdegalensis,
1455 740 1556 821 Engo-

58 831 224 893 llrnaldum
252 830 290 891 de
317 830 461 906 Fedaria,
483 831 605 893 Ordinis
621 831 775 894 Praedica·
828 830 917 892 limae
935 833 1002 891 sive
1018 830 1257 910 ingolismensis
1278 829 1435 907 dioecesis,
1456 833 1554 895 medio
1679 841 1681 844 ’

59 935 169 986 torum.
458 990 461 995 ,
830 926 953 987 saeculo
981 926 1060 1000 4444,
1090 940 1204 1002 suppar
1224 924 1364 999 Bartolo,
1388 942 1500 987 causas
1525 928 1555 986 in

98 1019 305 1081 EYNllllllUS
324 1064 331 1094 ,
360 1036 474 1100 supra,
505 1018 776 1096 EGlNllAllllUS,
835 1019 898 1080 toro
915 1036 985 1083 cum
1003 1021 1136 1096 egisset,
1151 1019 1206 1077 lus
1219 1017 1323 1079 docuit
1339 1035 1374 1079 ea
1392 1018 1503 1095 leude,
1521 1026 1557 1080 ut

59 1130 125 1192 pag.
150 1114 218 1172 493.
831 1115 970 1174 Doctoris
1000 1110 1143 1185 subtilis,
1169 1119 1200 1172 et
1222 1109 1501 1191 perspicacissimi,
1525 1121 1556 1173 ct

98 1207 330 1283 EYNWlCUS,
349 1210 415 1268 sive
438 1206 634 1270 lllNWlCUS
654 1210 779 1287 Praepn
830 1203 1064 1286 fundamentalis
1085 1206 1180 1284 elogia
1203 1207 1358 1267 meruerit.
1385 1206 1460 1267 Vide
1481 1208 1557 1269 llar-

58 1303 137 1361 situs
154 1302 304 1362 canoniae
322 1303 352 1362 S.
368 1302 495 1362 Floriani
510 1303 540 1363 in
555 1301 687 1377 Austris,
699 1301 778 1360 dice
832 1317 902 1361 cum
916 1302 1068 1360 Mantuam
1084 1315 1156 1376 pag.
1176 1299 1233 1360 479
1251 1306 1282 1359 44
1300 1300 1500 1362 Pancirollum
1518 1301 1556 1361 44

58 1398 137 1455 cesis
162 1396 378 1456 laureacensis
396 1396 433 1457 ab
449 1395 505 1456 An.
526 1396 603 1457 l289
620 1395 657 1456 ad
678 1394 777 1464 4343,
832 1395 946 1471 Legum
971 1392 1193 1471 interpretibus
1213 1384 1263 1453 libss
1281 1394 1309 1453 4.
1328 1408 1394 1471 cap.
1416 1394 1464 1455 64.
1481 1393 1557 1472 Ejus

58 1497 89 1550 et
106 1496 194 1551 antea
212 1491 472 1553 eontesstonarius
501 1488 667 1569 Wilburpis
683 1489 778 1566 Virgi—
832 1488 1076 1549 Commentarius
1092 1485 1124 1544 in
1137 1484 1345 1546 lmutultoou
1357 1488 1440 1548 luris
1451 1487 1557 1549 civilis

58 1585 116 1643 nis.
133 1585 230 1661 liuius
247 1583 303 1644 lln.
322 1585 400 1646 l289
416 1584 576 1645 defunctae
593 1582 688 1644 uitam
705 1583 779 1642 scri·
833 1581 942 1660 prodiit
969 1581 1074 1639 444444.
1104 1580 1201 1652 4488,
1231 1581 1279 1640 444.
1307 1580 1363 1640 boc
1391 1582 1502 1643 titulo:
1528 1580 1556 1655 b)

57 1679 138 1756 psit,
155 1695 247 1756 quam
266 1693 336 1738 cum
354 1677 565 1739 dissertatione
587 1677 735 1756 isagogica
752 1676 778 1750 a)
836 1674 917 1751 Opus
934 1671 1181 1733 coccolleoiessimi
1202 1673 1289 1734 luris
1315 1679 1477 1755 4444444444
1492 1676 1556 1737 444-

57 1779 88 1832 44
100 1775 179 1832 notis
192 1769 331 1852 vulgavit
348 1770 520 1834 Bernardus
540 1775 607 1847 Pez,
624 1770 779 1848 Augustae
834 1765 968 1825 44444444
983 1767 1101 1826 Domini
1119 1768 1243 1827 loannis
1260 1769 1346 1828 Fabri
1362 1785 1455 1847 super
1468 1767 1558 1831 insti-

58 1865 282 1926 Vindelicorum
303 1866 381 1929 4745
398 1869 427 1927 in
445 1868 473 1926 4,
834 1856 1017 1933 immunibus,
1046 1860 1112 1919 sine
1138 1872 1197 1939 qtlo
1228 1862 1338 1940 Lupum
1368 1861 1555 1924 incunabula

98 1945 224 2020 EZELO
237 1960 419 2035 Monachus,
438 1960 532 2035 44444,
545 1960 644 2021 0440.
833 1953 987 2014 incassum
996 1951 1181 2032 juvenculus
1194 1953 1318 2015 animus
1334 1956 1460 2035 assequi
1473 1955 1541 2022 4444

832 2051 892 2105 rot.
910 2047 951 2107 Et
964 2045 1002 2107 ad
1018 2047 1132 2107 calcem
1148 2046 1332 2108 voluminis:
1347 2049 1559 2112 Fomosissimi

831 2138 992 2218 utriusque
1006 2139 1092 2200 luris
1109 2138 1254 2200 Consulti
1267 2143 1392 2203 loannis
1408 2144 1556 2216 4444444444,

738 2228 740 2235 ’
830 2232 904 2293 dicti
914 2233 1000 2293 Fabri
1010 2232 1115 2294 0444444
1129 2251 1221 2314 super
1235 2232 1313 2295 44444
1328 2236 1554 2298 Institutionum

209 2281 256 2378 L
270 2281 293 2377 Ι
310 2280 412 2379 ΒΕ
429 2280 475 2378 R
532 2283 619 2382 VI.
833 2326 1052 2388 Commentario
1067 2325 1189 2405 finiunt,
1210 2345 1231 2386 a
1252 2326 1446 2390 celeberrimo
1466 2333 1554 2393 luris
1588 2322 1590 2327 ’

834 2419 975 2481 Consulto
990 2423 1076 2480 Petro
1095 2421 1264 2499 Alblgnano
1283 2425 1389 2484 Treclo
1404 2426 1557 2505 custipotl,

87 2540 146 2671 C
833 2523 892 2593 etc.
920 2515 1067 2594 Ejusdem
1098 2516 1239 2579 laudatur
1265 2517 1461 2580 Breviorium
1488 2523 1554 2581 sive

140 2628 176 2669 on

177 2609 275 2671 rudus
300 2609 336 2671 de
354 2609 529 2674 FABAlllA.
542 2613 616 2674 Vide
634 2630 725 2694 supra
748 2618 776 2676 in
833 2609 935 2669 brevis
951 2609 981 2668 in
999 2594 1404 2675 Codicem‘ssommentarius.

54 2703 236 2765 CONRADO
254 2712 326 2765 tom.
343 2709 370 2767 4.
386 2722 452 2784 pag.
472 2708 541 2768 380.
876 2702 948 2762 *Dc
966 2703 1060 2763 Fabro
1075 2703 1131 2764 hoc
1149 2702 1296 2781 judicium
1320 2707 1390 2767 tulit
1412 2707 1562 2787 Aegidiua

96 2796 257 2859 Coorcdus
275 2798 398 2859 FdllEll
412 2843 418 2871 ‚
432 2799 605 2861 haereticus
623 2802 681 2863 sub
697 2802 780 2864 deci·
835 2795 999 2859 Bellantem
1013 2796 1120 2857 consil·
1140 2800 1206 2859 440.
1234 2800 1365 2860 locantes
1387 2799 1487 2861 Fabri
1505 2803 1560 2882 qui

57 2893 97 2952 mi
126 2895 224 2969 quinti
248 2893 361 2953 saeculi
382 2894 484 2971 initia,
501 2893 539 2954 de
564 2912 623 2973 quo
648 2898 779 2958 loannes
833 2887 896 2970 suit
922 2888 1020 2969 maps's
1047 2895 1205 2970 proclecus
1225 2909 1317 2972 quom
1338 2893 1555 2975 speculationes.

54 2986 178 3046 Gottlob
205 2988 337 3046 llornius
353 2987 383 3045 in
403 2988 466 3048 vita
484 2987 626 3048 Fridericl
644 2988 778 3050 bellicosi
835 2984 880 3044 An
903 2984 1062 3045 consilium
1084 2985 1166 3046 istud
1182 2987 1367 3049 Bellamerae
1386 2995 1468 3068 typis
1494 2992 1558 3052 edi-

53 3080 205 3140 Electoris
224 3081 294 3142 San.
837 3084 900 3136 tum
923 3080 963 3136 sit
991 3079 1101 3155 ignom.
1131 3081 1194 3157 Ego
1225 3098 1262 3139 es
1284 3082 1344 3141 MS.
1366 3082 1439 3143 Cod.
1462 3085 1556 3145 Felici

98 3171 190 3234 Felice
213 3173 338 3254 FABER
359 3174 541 3252 ligurinus,
569 3173 672 3235 044444.
694 3179 780 3238 Prae-
834 3173 946 3249 accepi.

56 3268 146 3329 dicat.
165 3267 243 3346 apud
263 3267 423 3327 Ulmenses
440 3311 446 3339 ,
463 3284 524 3328 una
545 3275 578 3328 44
599 3269 694 3330 altera
720 3272 777 3332 44.
874 3266 1004 3324 loannes
1030 3266 1153 3326 FABER
1179 3268 1358 3343 Parisiensis
1373 3312 1381 3340 ‚
1399 3269 1429 3327 in
1458 3270 1555 3331 Patria

57 3362 135 3424 4479
154 3368 185 3421 44
202 3362 290 3424 4483.
308 3362 546 3440 Hierosolymam
569 3369 711 3442 suscepta
728 3383 780 3444 pe-
835 3360 1030 3421 Decretorum
1043 3360 1166 3436 Doctor,
1183 3368 1215 3419 et
1231 3377 1269 3420 444
1286 3361 1434 3422 ldonacbo
1450 3362 1553 3423 04444.

55 3456 259 3533 regrinatioue
285 3454 434 3527 celebris,
461 3457 582 3534 scripsit
605 3457 661 3518 An.
690 3459 777 3519 4439.
833 3453 986 3515 Benedict.
1006 3455 1192 3515 Tornusiano
1209 3453 1357 3516 dioecesis
1374 3455 1556 3519 cabilonen-

57 3548 212 3610 Historioe
229 3550 399 3610 Succorum
416 3547 507 3608 libros
526 3550 573 3624 44,
598 3551 737 3628 vulgatos
761 3569 778 3613 a
834 3550 877 3608 sis
893 3547 950 3609 An.
967 3547 1055 3608 4379.
1073 3547 1173 3608 Abbas
1191 3550 1221 3609 S.
1237 3548 1359 3610 Vedasti
1375 3549 1555 3612 atrebaten-

54 3641 200 3704 Goldasto
212 3645 240 3701 in
253 3659 355 3703 rerum
371 3641 571 3704 Svevicarum
582 3646 778 3723 scriptoribus
833 3643 894 3716 sis,
914 3658 950 3702 ac
966 3642 1097 3720 denique
1113 3641 1308 3704 cornotensis
1324 3645 1496 3724 Episcopus
1513 3645 1552 3705 ab

56 3737 192 3797 Francos.
211 3738 311 3808 4604,
337 3737 364 3795 4.
384 3736 488 3797 Ulmac
507 3737 600 3813 4747,
626 3739 676 3800 444.
702 3739 777 3820 Ejus
833 3736 889 3796 An.
909 3734 986 3797 4379
1004 3735 1042 3797 44
1060 3737 1154 3818 4390.
1167 3740 1222 3798 Pro
1239 3738 1396 3799 Clemente
1407 3737 1483 3811 Vll,
1500 3737 1553 3799 ad-

56 3829 283 3909 Hodoeporicon
296 3832 362 3890 eive
379 3828 541 3909 descriptio
557 3834 674 3893 itineris
697 3835 778 3912 quod
833 3845 943 3890 versus
958 3830 1112 3892 Urbanum
1127 3830 1180 3892 444
1194 3875 1201 3905 ,
1216 3833 1338 3910 scripsit
1350 3829 1505 3910 diolopum
1518 3829 1555 3893 de

57 3943 128 3987 cum
153 3923 305 3986 bernardo
326 3924 553 3986 Breitenbacbio
573 3928 599 4000 44
621 3928 651 3986 in
679 3927 779 3990 Palae-
828 3921 1140 4004 percelebrandum,
1161 3927 1221 3986 MS.
1237 3927 1267 3984 in
1287 3924 1471 3987 bibliotheca
1488 3927 1556 3988 Col·

57 4023 170 4081 stiuam
186 4021 331 4098 suscepit,
345 4018 425 4079 edita
440 4035 499 4077 non
513 4020 617 4080 Latine
634 4020 688 4081 sed
705 4021 779 4082 Ger·
833 4018 962 4089 bertine,
984 4024 1015 4078 44
1031 4021 1202 4096 oppositum
1218 4019 1344 4079 loannis
1360 4018 1398 4080 de
1422 4021 1554 4098 lignano

57 4117 175 4176 manica
192 4132 209 4175 a
227 4115 288 4174 lac.
307 4114 526 4193 Eysengroinio
543 4116 600 4177 4444.
618 4118 707 4179 4560.
724 4121 779 4179 Ρ4-
831 4112 908 4172 libro
925 4129 1017 4189 quem
1035 4113 1093 4173 An.
1111 4111 1189 4174 4379
1214 4111 1251 4173 de
1264 4110 1338 4190 fletu
1354 4111 1509 4175 Ecclesiae
1527 4117 1554 4192 c]

57 4207 293 4290 repriuotionem
307 4207 396 4268 aliam
413 4207 567 4288 ineditam,
581 4212 677 4290 ipsius
694 4213 778 4273 Fabri
833 4206 986 4266 emiserat·
1000 4204 1143 4266 Diart'tlm
1157 4212 1430 4286 rerumpesturum
1443 4205 1484 4268 ab
1496 4209 1553 4270 An.

58 4310 214 4366 exaratam
233 4319 347 4376 manu,
367 4302 460 4363 luisse
477 4303 556 4382 apud
576 4306 778 4383 lleinzelium,
836 4300 908 4361 4384
944 4297 987 4358 ad
1010 4300 1087 4361 4388
1115 4301 1263 4380 scriplum
1291 4301 1414 4378 Gallice,
1439 4318 1555 4380 exquo

61 4399 222 4460 Patricium
243 4395 477 4475 Augustanum,
498 4405 583 4459 notat
606 4398 780 4462 Goldastus.
834 4395 948 4473 passim
966 4392 995 4466 dl
1016 4393 1166 4471 quaedam
1176 4395 1264 4456 affert
1275 4396 1417 4457 8444444448
1431 4396 1461 4456 ln
1476 4396 1556 4455 nolis

58 4495 198 4552 Fortasse
209 4490 265 4552 hoc
278 4498 325 4551 est
337 4491 416 4551 illius
426 4489 654 4569 Eoopctorrum,
666 4494 778 4557 lectum
834 4486 871 4548 ad
890 4487 972 4548 vlits
989 4491 1137 4568 Paparum
1156 4489 1427 4550 444444044οεὶ44]-
1451 4488 1556 4575 Expo-

59 4587 186 4647 44444444
204 4585 315 4645 Zeileso
330 4630 339 4658 ‚
357 4583 472 4661 dequo
499 4585 630 4647 loannes
654 4587 781 4650 Frideri-

59 4697 115 4741 cus
142 4678 277 4738 Fellerus
295 4678 311 4738 δ
328 4673 490 4760 4444444444
520 4680 550 4739 in
582 4684 780 4743 semestribus
877 4699 903 4761 a)
920 4701 983 4751 4444
998 4713 1073 4764 supra
1092 4707 1152 4750 som.
1172 4700 1183 4748 4
1203 4713 1260 4764 pag.
1278 4699 1334 4750 444.
1349 4710 1401 4762 seq.

60 4793 88 4853 p.
109 4774 168 4835 tlt
186 4772 236 4833 ubi
254 4775 344 4833 etiam
363 4771 532 4837 0444444444
547 4773 681 4838 Ulmense
694 4795 711 4838 a
726 4779 781 4839 Fe·
876 4774 903 4834 44
915 4775 993 4825 14444
1006 4774 1128 4838 librorum
1140 4778 1209 4826 sace.
1220 4778 1269 4825 ¹V·
1283 4778 1482 4839 4444444448·
1494 4786 1559 4840 4404

61 4868 108 4928 ΗΟ,
128 4867 222 4927 fabro
246 4867 393 4945 scriptum
411 4870 592 4948 suspicatur·
610 4869 693 4934 Idem
711 4872 780 4934 601,
830 4851 942 4911 possidet
950 4853 979 4900 v.
989 4850 1180 4900 deturbandus
1191 4850 1301 4901 Gottlleb
1312 4850 1477 4903 schwartzius
1484 4864 1510 4916 p.
1517 4850 1558 4901 73.

161 4968 169 4983 ,.
876 4923 902 4985 4)
914 4924 998 4975 baluz.
1011 4927 1073 4986 Pop.
1086 4928 1258 4977 4444444444.
1272 4933 1333 4975 tom.
1350 4923 1361 4973 4
1375 4937 1433 4990 pop.
1447 4924 1507 4978 4404
1518 4939 1557 4990 sn.

103 5070 128 5130 4)
147 5071 209 5117 tcta
226 5063 389 5116 eruditorum
405 5071 434 5117 44.
451 5065 520 5117 47444.
537 5080 595 5132 pop.
610 5069 667 5122 447.
831 5005 854 5048 οἱ
876 4997 1007 5135 ¹dggcaonter
1019 5074 1154 5129 oudinum
1161 5076 1259 5127 444444
1270 5073 1425 5137 pasellus.
1437 5084 1486 5130 444.
