3458 5332
448 515 725 569 excettsrtrtssulo
743 522 853 571 totum
874 524 1006 588 orrum,
1026 520 1125 576 trous
1147 520 1258 568 ΕΧΙΙΙΟ

595 664 813 746 CAROLO
843 668 1121 769 SPINELLIO

659 848 701 895 EX
723 849 912 902 aethelricus
933 851 1052 900 Chlllssl

489 991 721 1054 JOANNES
754 994 1036 1062 DOMlNlCUS
1071 992 1221 1056 lthltsl

794 1116 819 1161 S·
839 1114 866 1163 F.
887 1118 915 1165 D.

170 1305 225 1348 uae
246 1304 295 1348 me
316 1288 391 1347 ratio
422 1287 607 1363 persuaserit
627 1302 682 1347 cur
703 1287 741 1347 ad
763 1293 794 1347 te
815 1286 1008 1366 potissimum
1032 1281 1158 1355 Carnis,
1176 1279 1328 1358 juvenum
1359 1285 1472 1362 optime
1503 1295 1595 1365 atque

115 1380 308 1453 doctissime,
329 1396 406 1459 opus
439 1378 520 1440 istud
552 1380 678 1441 alterius
710 1381 833 1458 quidem
864 1379 1020 1456 scriptoris
1051 1375 1198 1436 industria
1218 1374 1392 1453 elaboratu,
1413 1381 1472 1439 mei
1494 1386 1595 1442 tamma

114 1472 224 1551 vigiliis
244 1478 336 1549 atque
358 1470 457 1533 studio
478 1472 645 1550 expolitum
666 1471 847 1549 direxerim,
863 1472 920 1533 etsi
938 1475 974 1532 tu
994 1464 1122 1529 tortasse
1143 1469 1281 1544 ignoras,
1298 1484 1390 1545 quem
1412 1487 1509 1533 unum
1531 1474 1594 1535 exi-

113 1566 192 1625 miae
208 1566 291 1625 anim
308 1565 352 1624 tui
369 1561 465 1636 dotes,
476 1563 629 1624 acdecora
644 1564 775 1643 lugiuot3
788 1567 871 1625 viros
890 1569 991 1624 mmen
1006 1561 1133 1621 scientia
1155 1564 1187 1619 et
1206 1559 1357 1637 probitate
1380 1578 1519 1624 summos
1528 1565 1591 1642 ple-

116 1671 226 1733 rosque
246 1657 421 1735 agnituros,
442 1672 607 1734 meumque
635 1656 691 1718 hoc
711 1659 871 1720 consilium
901 1670 1009 1732 magno
1040 1667 1192 1713 consensu
1219 1653 1436 1730 approbaturos
1457 1657 1592 1718 arbitror.

114 1748 252 1819 Quantae
273 1747 427 1809 doctrinae
454 1754 545 1826 atque
578 1749 759 1811 eruditionis
789 1751 837 1809 vir
868 1749 967 1811 inerit.
999 1746 1051 1806 JO.
1080 1744 1280 1807 assuetus
1307 1745 1525 1825 FABRICIUS,
1547 1754 1595 1812 cui

115 1857 192 1921 opus
213 1840 294 1902 istud
311 1847 470 1919 acceptum
491 1843 670 1921 referimus,
691 1860 781 1905 nemo
811 1845 841 1901 iu
873 1840 1004 1902 literaria
1024 1839 1147 1899 historia
1161 1838 1272 1916 hospes
1293 1845 1342 1899 est
1362 1839 1437 1902 adeo
1454 1888 1462 1917 ,
1482 1849 1519 1904 ut
1539 1860 1594 1904 nec

115 1935 181 2012 ipse
201 1936 408 2013 experimento
429 1934 459 1994 id
480 1951 555 2012 suo,
571 1936 697 1997 aliorum
714 1936 934 1997 relatione-non
955 1933 1147 1994 intellexerit.
1167 1932 1240 1995 Sive
1259 1934 1340 1993 enim
1362 1933 1401 1996 de
1421 1935 1593 1997 recudendo

115 2027 252 2089 Autbore
271 2028 371 2105 aliquo
392 2029 497 2090 Latino
518 2028 626 2090 subeat
646 2031 803 2106 cogitatio,
825 2029 892 2090 sive
907 2042 981 2088 casu
1001 2026 1098 2087 Latini
1118 2024 1246 2085 alicuius
1266 2027 1421 2104 scriptoris
1442 2028 1517 2089 liber
1545 2046 1597 2089 ve

116 2123 196 2183 nerit
222 2122 253 2181 in
275 2137 403 2198 manus,
423 2124 565 2182 continuo
597 2119 778 2198 Fabricius,
801 2135 857 2181 neo
877 2121 1008 2195 trustra,
1027 2117 1215 2195 consulitur;
1236 2135 1334 2196 eoque
1364 2119 1486 2181 doctore
1515 2137 1593 2199 quae

117 2215 215 2292 prima
246 2213 336 2275 luerit
365 2216 432 2274 eius
464 2214 573 2289 editio,
595 2232 671 2292 quae
703 2220 872 2294 postrema,
890 2211 977 2290 cujas
1008 2211 1117 2272 author
1137 2211 1187 2272 ille
1218 2213 1373 2287 extiterit,
1395 2230 1456 2291 qua
1471 2216 1595 2277 ,vixerit

117 2312 232 2381 aetatm
253 2321 330 2382 quos
351 2304 527 2382 produxerit
549 2307 657 2383 ingenii
675 2309 722 2368 sui
737 2306 835 2366 foetus
854 2305 1002 2366 adiicitur.
1023 2305 1100 2365 Eam
1121 2321 1185 2364 rem
1205 2319 1278 2366 cum
1299 2307 1489 2368 saeculorum
1510 2325 1595 2386 prae-

118 2396 290 2457 cedentium
323 2398 486 2474 scriptores
516 2399 719 2476 ignoraverint
749 2412 842 2474 quarn
862 2397 1024 2459 miserabili
1045 2411 1145 2456 errore
1166 2395 1284 2475 decepti
1305 2399 1367 2456 sint
1387 2398 1436 2457 vel
1458 2400 1514 2460 hoc
1536 2418 1597 2460 uno

116 2489 276 2567 exemplo,
297 2488 378 2566 quod
400 2490 471 2549 mibi
494 2488 567 2550 haec
588 2489 732 2550 scribenti
752 2490 884 2567 primurn
905 2488 1054 2549 succurrit
1075 2485 1258 2549 demonstro.
1280 2489 1464 2551 BENZONlS
1484 2492 1598 2553 Alben-

116 2583 159 2642 sis
181 2582 321 2660 Episcopi
343 2583 557 2660 panegyricam
589 2583 708 2642 ilenrici
739 2583 780 2642 lll
813 2581 1006 2659 imperatoris
1037 2578 1195 2641 historiam
1217 2598 1251 2642 se
1271 2583 1401 2660 primum
1434 2584 1598 2663 evulgasse

116 2671 318 2752 ludewigius
340 2675 369 2733 in
392 2690 517 2735 suarum
537 2674 742 2752 Reliquiarum
762 2673 822 2733 vol.
843 2674 897 2734 lx.
918 2675 1059 2751 opinatus
1079 2680 1137 2734 est.
1170 2677 1284 2735 Tamen
1305 2681 1377 2736 aute
1397 2692 1494 2737 annos
1515 2679 1596 2739 ultra

116 2765 222 2826 decem
243 2767 341 2827 lucem
373 2769 529 2846 aspexisse
550 2767 581 2826 in
601 2767 776 2827 collectione
805 2765 1008 2826 Germanicor.
1042 2768 1258 2828 historicorum
1279 2768 1316 2827 cl.
1337 2765 1488 2830 Menkenii
1507 2787 1597 2849 opera

116 2858 256 2936 evulgata
278 2865 309 2919 et
330 2860 428 2937 reipsa
449 2866 587 2934 constat,
609 2867 640 2921 et
660 2857 802 2920 Fabricio
823 2855 975 2918 indicante
994 2861 1159 2919 cernimus.
1191 2858 1247 2931 Qui
1283 2876 1350 2920 tero
1377 2860 1415 2921 de
1436 2879 1469 2923 re
1490 2864 1596 2923 Latina

116 2950 246 3012 literaria
267 2951 344 3011 bene
366 2953 477 3013 meruit
498 2949 677 3029 Fabricius,
700 2955 730 3013 in
751 2953 881 3014 literaria
909 2949 1023 3012 Graeca
1052 2968 1086 3012 se
1117 2951 1254 3032 praebuit
1274 2957 1438 3033 egregium.
1462 2956 1492 3016 Si
1515 2959 1596 3017 euim

115 3042 303 3105 senectti
324 3045 390 3104 eius
410 3043 694 3107 BlBLlOTllECAbl
714 3047 808 3106 totius
829 3043 961 3105 Helladis
982 3060 1140 3111 musaeum
1157 3047 1188 3105 in
1206 3062 1265 3123 quo
1288 3049 1383 3123 pictas
1404 3055 1435 3109 et
1457 3067 1511 3127 per
1532 3067 1598 3110 sae-

115 3137 254 3198 culorum
275 3135 411 3198 ordinem
432 3138 593 3198 orientalis
614 3140 729 3217 imperii
750 3139 931 3217 scriptorum
963 3138 1109 3217 imagines
1134 3144 1270 3215 spectare
1292 3139 1380 3213 licet,
1401 3142 1595 3221 appellarim,

116 3236 147 3289 te
169 3231 199 3289 in
220 3231 326 3308 primis
346 3229 591 3307 approbatorem,
612 3237 704 3310 atque
725 3232 872 3311 opinionis
891 3230 982 3291 huius
1002 3246 1087 3291 meae
1108 3229 1258 3291 vindicem
1280 3232 1445 3293 nanciscar.

176 3323 224 3382 En
241 3323 310 3395 tibi,
326 3322 434 3383 Camle
451 3322 592 3402 Spinelle,
606 3322 729 3400 juvenis
747 3323 930 3400 doctissime,
945 3312 1049 3402 paucis
1066 3322 1148 3384 hisce
1166 3325 1266 3384 omnia
1283 3325 1399 3384 consilii
1419 3328 1477 3387 mei
1496 3329 1596 3391 abdita

116 3414 245 3475 reclusa.
266 3414 497 3497 Graecisudives
517 3422 549 3476 et
569 3414 672 3478 latinis
703 3417 854 3478 mercibus
873 3422 1003 3478 onustus
1024 3412 1186 3476 Fabricius
1206 3417 1236 3476 ln
1259 3417 1374 3479 ltaliam
1396 3435 1461 3479 mea
1490 3423 1597 3483 invita-

115 3508 196 3568 tione
217 3506 407 3568 inducendus
423 3508 461 3569 ad
478 3515 508 3569 te
525 3513 715 3588 potissimum
736 3508 910 3588 dirigendus
931 3508 1047 3582 luerat3
1068 3509 1120 3586 qui
1140 3514 1172 3568 et
1192 3508 1306 3570 Graeca
1326 3526 1411 3570 amas
1431 3518 1463 3571 et
1483 3512 1521 3573 ad
1542 3516 1597 3576 La-

115 3601 178 3660 tina
199 3599 250 3658 tibi
272 3601 472 3679 comparanda
493 3603 551 3663 sub
572 3601 672 3663 Fabro
693 3611 746 3665 tuo
767 3607 981 3683 praeceptore,
995 3606 1090 3680 atque
1102 3601 1256 3663 incentore
1272 3604 1385 3681 optimo
1402 3611 1487 3665 tauto
1503 3608 1596 3667 anhe-

114 3695 159 3755 las
179 3693 336 3754 desiderio.
358 3693 548 3772 Quamquam
565 3698 648 3757 enim
666 3698 761 3759 multa
775 3692 931 3777 possides,
946 3694 1003 3752 erit
1024 3693 1152 3753 fortasse
1173 3701 1275 3755 tamen
1297 3695 1409 3774 aliquid
1430 3701 1521 3775 novi,
1536 3718 1596 3777 quo

114 3787 153 3848 ab
174 3786 223 3847 illo
244 3787 373 3864 accipias
405 3789 434 3846 in
467 3785 630 3850 literatura
658 3792 837 3870 praesertim
869 3785 965 3847 latim
994 3785 1088 3850 Medii
1111 3786 1206 3864 Aeci,
1228 3806 1319 3866 quam
1341 3798 1440 3852 aetate
1462 3795 1596 3856 nondum

117 3885 261 3958 provecta
278 3876 429 3955 juvenes,
444 3883 495 3959 qui
513 3881 551 3942 ad
568 3884 680 3961 optime
697 3884 824 3944 formare
844 3896 879 3942 se
898 3878 1042 3955 student,
1058 3880 1178 3958 qualem
1199 3886 1231 3940 te
1253 3884 1409 3958 novimus,
1425 3886 1474 3945 vel
1490 3903 1595 3965 parum

120 3970 240 4041 adhuc,
261 3972 311 4032 vel
344 3972 417 4032 nihil
449 3976 571 4052 penitus
601 3978 776 4055 attigerunt.
797 3976 832 4035 ln
853 3987 946 4032 coeno
973 3970 1064 4033 huius
1085 3972 1243 4034 latinitatis
1264 3975 1377 4035 multae
1407 3978 1598 4040 occultantur

105 4053 270 4142 gemmae,
295 4064 400 4125 sedulo
420 4083 456 4126 ac
476 4057 654 4145 diligenter,
675 4085 732 4128 nec
752 4057 818 4128 sine
839 4074 891 4126 tuo
913 4065 1014 4126 iructu
1034 4065 1237 4145 colligendae,
1259 4067 1439 4150 illigatisque
1461 4070 1518 4131 illis
1544 4090 1598 4133 au-

117 4171 168 4216 reo
190 4158 322 4217 sermoni
342 4163 394 4218 tuo
415 4156 454 4218 ad
476 4157 647 4236 Cicerom's,
669 4158 766 4233 Liuii,
788 4156 945 4229 minui,
969 4173 1003 4218 ac
1038 4157 1182 4221 Caesaris
1216 4160 1376 4221 lectionem
1406 4172 1596 4242 comparato,

116 4247 349 4326 splendidiorem
380 4267 415 4311 ac
445 4251 601 4330 multiplici
622 4259 798 4313 ornamento
818 4253 965 4314 variatam
985 4254 1150 4314 orationem
1171 4255 1292 4315 efficies.
1315 4254 1373 4316 Sed
1397 4273 1453 4318 nec
1470 4258 1599 4320 deerunt

118 4342 147 4400 in
170 4347 254 4401 tanta
272 4345 455 4421 scriptorum
478 4343 672 4406 multitudine
692 4361 709 4405 a
732 4342 875 4407 Fabricio
895 4345 1013 4426 digesta
1032 4347 1146 4425 aliqui,
1167 4364 1243 4426 quos
1265 4349 1314 4409 vel
1337 4352 1464 4428 purioris
1487 4353 1596 4432 eloquii

117 4433 216 4494 cultor
236 4451 427 4513 nequaquam
446 4435 586 4496 fastidiat.
602 4434 863 4500 Lactantius,
878 4434 985 4502 Ct'c'cro
1000 4441 1048 4502 ille
1063 4439 1257 4503 Chrestianus
1271 4443 1407 4521 palatum
1432 4451 1597 4525 utcumque

115 4524 277 4586 delicatum
296 4526 402 4587 mellea
419 4527 469 4587 illa
485 4543 541 4587 sua
557 4543 593 4587 ac
607 4526 703 4589 lactea
719 4530 893 4609 eloquentia
906 4532 1042 4611 jucunde
1058 4534 1150 4595 allicit
1166 4534 1203 4595 ad
1221 4533 1369 4610 delectat,
1388 4538 1598 4602 lllllllONYbll

112 4618 256 4697 epistolae
277 4624 309 4678 et
328 4619 473 4697 opuscula
495 4620 590 4679 Latini
618 4623 734 4682 aurites
763 4623 854 4688 duloe
884 4635 1011 4703 sonant,
1034 4619 1262 4689 nec'SllllULll
1283 4630 1417 4689 carmina
1440 4633 1476 4691 iis
1497 4632 1599 4712 displi-

112 4717 202 4785 cent,
223 4709 335 4788 quibus
356 4710 430 4772 nihil
451 4713 509 4773 uisi
531 4713 656 4792 probata
676 4716 805 4793 placent.
827 4720 964 4783 SEVERI
986 4721 1146 4781 stttrtctl
1168 4720 1322 4780 historiam
1353 4720 1598 4785 Ecclesiasticam

114 4800 322 4880 dignissimam
344 4803 488 4866 iudicavit
508 4805 669 4885 Sigonius,
691 4809 849 4873 latinitatis
869 4814 966 4874 cultor
983 4814 1231 4891 superstitiosus,
1253 4818 1287 4873 ut
1308 4818 1523 4877 commentario
1544 4833 1599 4879 suo

113 4893 289 4957 illustraret.
310 4896 388 4968 Quin
412 4917 466 4962 nec
489 4903 518 4960 in
541 4902 605 4978 ipsa
625 4901 813 4966 saeculorum
846 4905 982 4968 barbarie
999 4905 1123 4967 barbare
1143 4921 1250 4965 omnes
1271 4909 1469 4986 scripserunt,
1490 4909 1601 4971 Exem-
