3464 5318
538 313 869 398 4444444444
1389 313 1450 375 444

94 418 212 481 lituus
226 420 353 497 scriptor
369 420 396 495 4)
415 421 494 483 vitae
511 423 541 483 S.
563 420 676 483 Pharo
732 422 778 481 nis
794 420 823 481 S.
838 419 992 479 Benedicti
1003 462 1010 491 ‚
1022 435 1114 495 quern
1128 419 1237 478 Batens
1252 418 1331 479 xm.
1346 420 1393 479 48.
1408 421 1450 480 444

94 511 269 587 44444444,
282 512 421 592 Episcopi
432 513 593 576 bieldensis
606 523 675 594 post
730 532 769 577 444
784 514 911 587 Tuscia,
934 514 999 572 sive
1025 512 1164 583 444444444
1190 512 1220 570 44
1242 511 1380 591 Angiiam
1398 530 1451 573 ve-

94 605 674 687 444444444440444444444444443444444
731 609 812 668 nisse
840 613 873 667 et
896 613 1014 685 praeter
1040 602 1190 685 Epistulas
1217 608 1295 667 circa
1326 605 1449 668 Annum

94 715 143 761 eae
158 697 200 761 du
216 699 338 762 0444444
355 707 427 763 tom.
448 706 474 764 4.
493 704 673 782 scriptorum
731 701 818 762 4440.
841 702 999 780 scripsisse
1015 699 1108 760 vitam
1132 697 1281 763 Aidbcimi
1299 700 1448 779 Episcopi.

94 809 101 852 4
117 795 300 854 Francorum
317 810 385 872 pag.
398 794 539 857 567-745.
552 793 627 857 Vide
643 803 676 856 et
730 794 893 855 Possevino
910 792 958 853 hic
976 794 1102 865 vitiose,
1123 799 1158 853 ut
1179 795 1301 872 opinor,
1324 793 1449 857 4414444-

96 885 134 947 ad
156 887 205 946 28.
222 887 369 948 Octobris.
730 886 816 950 ctus
842 887 961 950 Tuscus
989 887 1163 966 appellatur.
1192 886 1371 950 Aidhelmus
1391 890 1448 948 iste

94 981 251 1043 tDULFUS
267 981 386 1058 abbas,
404 982 441 1043 de
463 999 522 1062 quo
544 982 676 1043 Sirmon-
730 980 830 1043 Abbas
849 980 905 1041 4444
921 985 953 1040 44
969 980 1136 1060 Episcopus
1153 1026 1159 1054 ,
1177 979 1215 1042 de
1236 999 1296 1060 quo
1312 980 1371 1042 An.
1389 981 1447 1042 709

94 1073 293 1137 Theodulium
315 1083 337 1134 4.
359 1077 378 1138 4
398 1092 466 1156 pag.
489 1077 576 1138 4449.
731 1074 873 1135 defuncto
887 1090 980 1152 snpra
995 1081 1067 1134 torn.
1090 1077 1128 1151 4,
1151 1092 1208 1153 pag
1233 1077 1281 1135 iii.

94 1167 205 1229 ENSiS
232 1169 392 1246 coenobii,
410 1171 440 1229 in
467 1171 586 1231 Ducatn
602 1168 676 1247 Spa·
770 1168 858 1246 Harpe
870 1163 993 1241 Attae,
1010 1166 1108 1228 dictus
1123 1168 1307 1230 4444844448
1323 1169 1446 1249 scripsit

94 1258 236 1321 branicon
255 1269 378 1323 auctore
404 1262 599 1325 GREGORIO
614 1265 674 1324 llo·
732 1262 874 1322 miracula
889 1260 986 1322 44444444
1002 1264 1035 1323 Β.
1053 1262 1204 1340 Virginis,
1223 1280 1302 1340 quoe
1316 1261 1448 1345 faciebat

94 1393 97 1408 ·
113 1352 371 1433 chartophylace,
387 1355 425 1418 ab
452 1356 539 1415 Anno
556 1357 672 1418 CHristi
730 1355 759 1414 in
768 1353 905 1416 Ecclesia
915 1353 1048 1435 ejusdem
1057 1353 1209 1433 pieriosoe
1220 1356 1350 1434 Virpinis
1359 1359 1447 1420 Sues·

105 1447 195 1509 4400.
221 1454 324 1508 exstat
351 1449 381 1508 in
406 1448 548 1511 thesauro
570 1448 671 1510 ltaliae
726 1447 883 1510 sionensis.
898 1451 979 1511 llaec
994 1448 1032 1509 de
1049 1450 1249 1517 colleximus
1268 1450 1448 1511 Gandaven-

94 1541 149 1600 imi
163 1541 312 1601 4444444444
330 1547 401 1601 tom.
421 1541 449 1602 2.
467 1549 551 1620 parte
569 1542 587 1602 2
604 1559 670 1620 pag.
728 1545 770 1603 sis
789 1560 853 1622 cap.
871 1543 921 1604 36.
939 1542 1067 1603 Videtur
1082 1542 1131 1602 ille
1148 1559 1216 1602 esse
1236 1545 1320 1620 liugn
1346 1541 1446 1605 Abbas

94 1640 186 1712 rerpta
212 1634 353 1696 Chronici
377 1635 552 1696 Monasterii
578 1634 671 1697 Acit-
725 1637 964 1710 Cbrniaoensis,
991 1634 1079 1713 cujus
1116 1635 1230 1696 obitum
1269 1636 1444 1714 sigebertus

94 1729 153 1788 sive
169 1729 340 1803 Foriensis,
357 1730 437 1807 apud
460 1728 613 1791 Andream
627 1730 670 1791 du
724 1730 950 1791 Gembiacensis
975 1730 1003 1789 in
1021 1729 1168 1792 Chronica
1190 1729 1281 1789 444444
1300 1728 1336 1789 ad
1355 1729 1390 1789 44.
1409 1730 1444 1789 0.

94 1837 158 1883 om.
173 1824 211 1897 3,
226 1839 292 1900 pag.
310 1820 455 1885 ccccii.
727 1824 829 1887 4409.

94 1916 189 1977 oriam
217 1917 394 1978 litterariam
419 1916 553 1980 coenobii
578 1914 670 1977 huius
764 1915 1445 1993 448040040844444444444444444444444-

94 2016 254 2070 4444444444
270 2009 400 2074 tradenti
416 2010 548 2071 Fabricio
560 2011 671 2071 subse
726 2028 792 2072 rum
811 2011 960 2071 Chronica
978 2010 1134 2071 succincte
1152 2008 1311 2085 complecti
1328 2025 1361 2067 se
1378 2025 1446 2085 pro-

113 2102 163 2163 bic
181 2120 247 2165 mea
261 2120 352 2182 opera
367 2105 484 2166 censui.
506 2104 669 2183 Gregorius
725 2105 825 2165 tessus
842 2104 880 2164 ab
895 2104 975 2165 Orbe
992 2100 1113 2161 condito
1140 2117 1237 2178 usquo
1261 2100 1298 2161 ad
1319 2099 1443 2161 Annum

94 2203 164 2259 set
190 2198 412 2278 chartophylax
442 2215 501 2258 non
527 2199 668 2259 44444444
722 2197 839 2257 04144444
863 2196 950 2258 4474.
969 2195 1078 2274 prodiit
1094 2197 1195 2273 Spirae
1214 2194 1300 2255 tt77.
1318 2193 1441 2274 Argent.

94 2289 157 2352 indo
183 2290 344 2351 chronicon
361 2292 547 2364 elaboravit,
564 2291 618 2352 sed
636 2296 668 2352 44
723 2293 810 2353 4488.
830 2291 883 2351 444.
901 2291 992 2350 Paris.
1014 2306 1084 2350 cum
1114 2288 1206 2348 addit.
1232 2288 1311 2367 apud
1332 2287 1443 2348 444444-

94 2384 108 2445 4
124 2385 181 2447 alia
196 2385 255 2446 duo
273 2386 426 2447 volumina
443 2387 586 2460 coniecit,
601 2388 667 2465 qui·
722 2402 790 2445 nem
806 2385 936 2444 Petitum
957 2384 1043 2445 4544.
1060 2384 1088 2442 4.
1103 2388 1135 2442 44
1151 2399 1221 2442 4444
1237 2379 1301 2443 iob.
1315 2382 1443 2443 LlNTU·

94 2484 144 2540 tas
160 2495 267 2539 omnes
284 2478 400 2539 44444444
417 2480 569 2540 lariensis
585 2497 666 2539 corn-
719 2479 770 2538 liii
792 2477 957 2557 appendice
979 2476 1016 2537 ab
1040 2475 1098 2536 nn.
1123 2475 1211 2537 4475.
1236 2474 1274 2536 ad
1303 2476 1392 2536 4544.
1411 2477 1440 2534 44

94 2577 143 2633 est.
177 2571 302 2632 Duobus
328 2571 411 2631 hisce
435 2573 559 2633 tertium
583 2572 663 2634 atiud
719 2572 834 2632 Pistorii
853 2571 1050 2649 scriptoribus
1073 2586 1174 2630 rerum
1191 2568 1440 2629 Germanicarum

94 2661 433 2723 tannesGramrnaticus
449 2662 665 2723 eiusdemcoe-
719 2673 799 2725 torno
830 2664 972 2726 secundo.
994 2664 1094 2724 Etiam
1111 2662 1289 2722 Germanice
1314 2676 1440 2721 versum

94 2753 256 2832 4404444444
267 2746 377 2816 aetatis
388 2755 566 2817 monachus.
577 2758 666 2816 Porro
720 2766 840 2819 exstare
857 2764 989 2818 testatur
1006 2755 1157 2818 tirnoldus
1173 2755 1295 2815 Bestius
1311 2752 1350 2814 de
1366 2754 1440 2813 viris

94 2866 151 2910 rein
172 2849 252 2911 iilam
279 2849 412 2927 Gregorii
434 2866 533 2927 usque
557 2851 665 2910 saitem
720 2852 890 2915 illustribus
904 2851 1045 2913 04444444.
1072 2849 1194 2911 Ordinis
1210 2864 1275 2931 cap.
1299 2847 1354 2912 444.
1378 2846 1441 2909 444-

101 2943 138 3003 00
155 2944 342 3004 continuavit
357 2942 491 3004 Tadinus
505 2946 570 3004 sive
592 2945 667 3005 Teo
719 2950 784 3005 ctor
799 2944 932 3006 fasciculi
950 2944 1042 3022 hujus
1058 2943 1277 3007 WERNERUS
1288 2944 1315 3019 c)
1339 2942 1441 3004 444444-

94 3053 119 3098 rs
136 3038 391 3115 consanguineus.
406 3037 665 3099 Exhisomnibus
718 3035 806 3098 vincli
828 3038 1075 3113 carthusiensis,
1096 3037 1206 3099 domus
1232 3039 1253 3098 S
1292 3039 1438 3098 Barbarae

94 3130 152 3193 bus
161 3130 280 3209 prodiit,
289 3131 415 3193 authore
425 3133 583 3193 liuratcrio
595 3134 665 3191 444·
718 3132 925 3207 coloniensis,
942 3130 980 3191 de
992 3149 1051 3208 quo
1066 3131 1142 3191 44444
1158 3147 1215 3191 sun
1230 3132 1304 3191 ioco.

94 3223 129 3284 rd
154 3224 335 3300 chronicon,
353 3223 391 3285 de
415 3241 475 3304 quo
501 3227 663 3287 Fabricius.
751 3226 768 3261 ⁸*
781 3227 885 3303 Neque
893 3224 942 3284 bic
956 3241 973 3284 a
988 3224 1130 3301 Fabricio,
1145 3241 1244 3300 neque
1254 3225 1284 3283 in
1299 3232 1371 3284 tom.
1386 3224 1435 3283 Vi.

94 3320 161 3378 riter
187 3319 216 3377 in
243 3325 315 3379 torn.
330 3320 363 3379 V.
389 3322 559 3397 antiquitat.
576 3317 663 3380 Medii
719 3336 748 3379 v.
764 3320 965 3391 VERNERUS
983 3317 1132 3379 indicetur
1151 3317 1243 3378 editio
1276 3318 1388 3377 Veneta
1406 3317 1435 3375 44

94 3431 109 3488 ς.
133 3410 201 3470 687.
218 3418 276 3471 etc.
294 3411 378 3472 dedit
404 3410 573 3490 cotaloparn
592 3429 665 3472 4444-
720 3413 757 3472 444
774 3414 846 3472 4444
861 3413 948 3474 titt.
967 3418 999 3473 et
1015 3412 1073 3474 alia
1088 3411 1175 3474 4484.
1193 3430 1248 3492 per
1264 3411 1435 3473 Erhardnnr

94 3523 104 3564 4
136 3503 317 3565 chartarum
344 3505 528 3567 collectionis
555 3507 663 3581 illins,
718 3504 1437 3584 Roudonaugustensemmddiramentnmhaee

94 3614 185 3659 annes
202 3601 425 3660 Grammaticus
441 3601 599 3679 compegit..
618 3599 666 3660 ln-
721 3601 915 3679 praefert·ab
934 3618 985 3662 an.
1017 3599 1105 3662 4474.
1138 3599 1176 3661 ad
1202 3618 1317 3662 annum
1348 3601 1437 3663 ttiti.

94 3693 177 3753 rantis
191 3693 261 3752 anni
275 3693 344 3753 094.
362 3697 473 3754 etcum
490 3692 603 3754 chartis
616 3711 664 3754 44.
721 3695 780 3755 Viri
799 3694 840 3754 ilii
865 3693 1031 3755 doctissimi
1059 3695 1109 3771 qui
1138 3695 1378 3757 Commentarios
1399 3693 1437 3755 de

94 3785 219 3861 olvitur,
237 3802 315 3863 quae
342 3802 416 3847 sane
437 3787 559 3849 chartae
577 3786 664 3848 modo
719 3788 802 3850 MSS.
812 3787 971 3850 codicibus
981 3787 1118 3849 Bibliotb.
1134 3789 1346 3849 Universitntis
1359 3791 1437 3849 Tau-

94 3886 111 3938 t
122 3896 215 3954 ,cum
230 3880 363 3958 reliquae
379 3881 593 3943 interciderint.
718 3883 849 3943 rinensis
860 3884 1047 3962 scripserunt
1057 3888 1129 3941 torn.
1146 3882 1260 3943 44040.
1274 3884 1341 3946 555.
1355 3884 1437 3961 igno-

94 3992 126 4036 re
152 3975 332 4036 Muratorius
358 3976 388 4034 in
417 3975 598 4052 praelatione
626 3973 663 4034 ad
718 3979 802 4037 rasse
819 3975 962 4037 videntur
981 3977 1080 4055 operis
1097 3975 1187 4036 huius
1211 3978 1332 4038 crebras
1362 3977 1436 4038 aden

96 4088 114 4130 n
143 4068 285 4130 Fariense
309 4073 440 4129 testatur
461 4069 602 4129 incidisse
630 4085 663 4128 se
719 4070 951 4147 impressiones:
974 4071 1092 4147 Alioqui
1117 4069 1154 4128 ab
1181 4071 1297 4147 integra
1321 4071 1435 4148 puleia-

94 4163 255 4244 puscnlum
266 4163 326 4224 MS.
338 4161 374 4222 de
390 4160 589 4225 destructione
600 4164 664 4226 Mo·
718 4165 798 4223 tione
814 4162 979 4242 repetenda
993 4162 1221 4224 abstinuissent.
1239 4165 1299 4225 lieo
1314 4164 1436 4225 feliciori

96 4254 255 4337 Forfensis
276 4253 386 4315 editam
406 4272 427 4315 4
443 4254 614 4317 Venerabili
628 4259 661 4316 P.
716 4259 888 4318 coniectura
914 4256 1069 4318 ducuntur
1096 4259 1154 4318 rati
1183 4258 1317 4337 codicem
1343 4276 1433 4318 suuni

94 4349 202 4412 400444
224 4349 356 4411 eiusdem
375 4351 560 4414 Monastcrii.
578 4355 661 4432 lingo
715 4352 774 4412 MS.
782 4350 919 4412 eiusdem
929 4352 1084 4430 scriptoris
1093 4352 1311 4431 autographum
1326 4352 1436 4413 haben·

94 4445 183 4506 4997.
202 4445 309 4522 coepit.
715 4446 789 4506 dum
814 4462 901 4522 esse3
932 4463 1031 4524 nequo
1063 4448 1144 4506 enim
1173 4446 1264 4507 uliam
1287 4448 1434 4525 opinionis

94 4539 160 4600 iiis
171 4536 334 4599 Monachus
344 4537 567 4599 Abindonensis
577 4539 663 4599 04444-
717 4556 790 4601 suae
811 4540 947 4600 idoneam
966 4541 1113 4600 rationein
1130 4539 1315 4618 praeterunt.

756 4632 865 4694 44844
883 4633 1257 4711 ConsularesCuspiniani,
1269 4634 1335 4694 sive
1344 4632 1438 4713 4944444

94 4749 205 4802 nartbnni
218 4756 279 4800 tom.
291 4749 307 4798 5
320 4751 412 4801 deliine
430 4752 588 4803 Christianae
609 4766 667 4817 pag.
718 4725 852 4788 “mm
866 4725 1043 4808 0443θυῖ44474
1056 4773 1063 4803 4
1075 4723 1130 4786 “bf
1141 4726 1260 4786 'mmm
1272 4725 1436 4789 0043444404

718 4819 897 4896 traduntur,
914 4820 951 4882 444
973 4821 1053 4899 quod
1079 4823 1193 4901 passim
1220 4829 1364 4899 provocat
1386 4823 1436 4881 Jo-

94 4914 127 4967 ,44
139 4914 197 4964 pag.
219 4901 275 4951 705.
295 4913 325 4953 er
346 4903 491 4966 flieronpnt
513 4904 593 4956 bubni
606 4905 667 4955 44444.

94 4974 135 5026 nn.
147 4976 171 5025 ⁶2.
761 4981 785 5040 4)
797 4983 849 5031 Non
865 4981 1014 5039 Walterus,
1028 4987 1055 5034 ut
1068 4982 1135 5046 apud
1147 4986 1432 5047 Pcsscsinumlcuitui.

1153 5088 1203 5147 *in
