3458 5332
113 330 174 395 4424
686 320 1058 384 FULGEN'FlUS

112 433 249 515 spondet,
267 431 353 491 tertio
367 429 529 489 nonnullas
545 426 732 488 Attianorum
746 445 836 506 argu·
891 435 923 491 et
934 428 1221 502 archimandritam,
1234 436 1266 489 et
1281 426 1447 489 Venerium
1457 428 1590 492 Diaconum

109 534 168 598 tias
183 526 305 589 refellit.
322 542 389 603 pag.
406 527 435 586 4.
891 523 1091 602 responsoria,
1105 538 1165 600 qua
1176 522 1316 583 doctriua
1331 520 1372 582 de
1384 523 1483 600 gratia
1496 528 1593 601 elprae

153 622 268 683 Contra
279 616 413 679 alricum
426 612 505 678 liber
515 632 597 676 uiuos
611 615 648 676 44
666 613 773 676 decem
787 613 839 675 ob
891 615 1092 677 destinatione
1118 616 1310 695 explicatur,
1344 633 1416 695 pag.
1446 615 1510 676 264.
1525 617 1587 678 outa

110 718 280 795 lectiones,
312 729 442 791 quarum
474 711 581 771 miram
605 709 773 771 barbariem
806 714 838 770 et
891 712 983 771 etiam
1001 712 1030 771 in
1057 709 1223 789 appendice
1253 710 1393 788 Operum
1413 710 1445 770 S.
1465 709 1585 787 bognum

113 809 328 871 obscuritatem
351 804 485 867 editores
502 811 628 878 notant,
645 803 774 864 totidem
793 821 840 865 re·
892 812 964 865 tom.
982 806 1020 866 Χ.
1036 823 1102 884 pag.
1119 803 1185 865 102.
1205 802 1349 864 editionis
1360 802 1588 864 Anrstelod.lll

114 904 292 984 sponsiones
306 900 478 961 luculentas
495 905 527 958 et
543 896 581 958 ad
607 899 728 958 Patrem
751 913 840 975 supe·
893 899 1001 960 PETRI
1031 898 1158 959 Draconi
1183 905 1214 959 et
1240 899 1395 974 aliorum,
1412 900 1513 976 quiin
1531 914 1594 959 musa

115 996 403 1059 riorumdoctrioam
415 993 705 1055 exactascootinens
715 991 839 1069 pegni.
893 993 964 1055 fidei
984 1012 1024 1055 ex
1040 993 1164 1054 Oriente
1181 995 1308 1053 Romam
1320 1009 1356 1052 se
1370 992 1594 1066 contulerantlc

157 1089 242 1152 Libri
251 1087 366 1151 trecod
376 1084 621 1161 Frosimundum,
636 1084 841 1147 vandalorum
896 1089 1103 1151 incarnatione
1120 1096 1152 1146 et
1168 1087 1264 1166 gratia
1281 1087 1407 1146 Domini
1426 1089 1520 1147 nostri
1532 1084 1597 1147 msa·

114 1188 248 1264 Regem,
270 1185 381 1263 quibus
402 1181 438 1243 ad
461 1198 516 1257 ea,
534 1198 613 1259 qnae
634 1198 673 1240 ex
695 1178 842 1241 subitaria
901 1183 1020 1243 Cllristi
1037 1182 1074 1244 44
1083 1181 1274 1260 Fulgentium
1290 1187 1323 1242 et
1337 1182 1419 1242 alios
1433 1181 1601 1259 4444444444-

115 1280 285 1360 prolixioris
302 1279 385 1352 libri,
401 1274 503 1354 bajulo
522 1275 633 1349 Felice,
647 1275 737 1351 Regis
752 1272 843 1350 jussu
896 1292 1003 1355 scopos
1016 1275 1152 1352 libellus,
1166 1292 1232 1354 pag.
1251 1273 1322 1335 247.
1339 1282 1375 1335 et
1391 1294 1423 1335 m
1441 1274 1602 1336 44444444.

115 1375 225 1448 oblati,
243 1371 296 1434 scd
320 1373 424 1432 statim
450 1372 562 1430 iterum
579 1370 690 1428 extorti
714 1368 842 1427 lectione
896 1369 1059 1449 Augustini
1085 1368 1251 1449 appendice
1280 1387 1348 1448 pag.
1368 1371 1420 1429 98·
1440 1386 1478 1431 eo
1498 1376 1602 1448 tenpore

115 1470 278 1529 memoriae
290 1467 493 1538 inhaeserant,
507 1464 587 1542 regio
606 1460 749 1522 mandato
762 1477 843 1520 curm·
899 1467 1107 1543 scriptusque
1128 1463 1166 1523 dc
1189 1463 1310 1542 phrasi,
1328 1480 1416 1523 444444
1441 1480 1459 1524 c
1489 1462 1602 1523 44444444

118 1562 230 1642 pulsus
247 1561 380 1622 discutit.
399 1574 465 1637 pag.
486 1560 535 1618 69.
896 1558 1069 1638 macianus
1081 1562 1128 1618 est
1139 1602 1145 1631 ,
1158 1557 1238 1618 etde
1253 1558 1367 1617 Fausta
1381 1558 1601 1636 Semi-Felag'uoi

157 1652 308 1734 4444444444
326 1656 356 1712 in
374 1670 469 1712 unum
487 1667 599 1731 corpus
624 1650 770 1711 collectae
789 1667 844 1710 uu·
897 1654 1019 1732 scriptis
1033 1654 1232 1731 gravissimae
1254 1654 1493 1714 controversiae
1511 1660 1602 1713 eumue

118 1766 203 1811 unero
223 1746 384 1808 octodecim
413 1747 488 1808 varii
506 1745 696 1823 argumenti,
711 1760 842 1821 quarum
899 1749 1019 1809 [ueram
1031 1766 1041 1821 ;
1054 1755 1086 1807 et
1097 1745 1190 1807 xvll.
1208 1743 1366 1824 Fulgentii
1377 1756 1601 1823 caeterorumque

117 1848 302 1922 postremam
317 1838 355 1900 ad
369 1841 520 1918 Reginum
532 1839 684 1899 Comitem
694 1836 842 1898 directam
900 1841 1018 1903 Africae
1035 1843 1254 1919 Episcoporum
1272 1839 1406 1901 exulum
1424 1841 1465 1902 de
1476 1840 1603 1903 codoniu-

117 1952 184 2015 pag.
196 1935 451 2011 323.Fulgentius
464 1938 561 1993 morte
574 1937 762 2010 praeventus
775 1933 844 1990 Fer·
895 1941 1040 2016 pumento
1055 1932 1146 2010 liber,
1164 1952 1229 2013 pag.
1252 1935 1323 1994 286.
1341 1952 1408 2013 quo
1429 1934 1600 1998 snumdetis

117 2027 211 2090 raudo
223 2027 422 2108 supplendam
435 2034 466 2087 et
476 2023 696 2087 absolvendam
712 2025 843 2102 reliquit.
898 2031 1116 2092 controversiis
1147 2026 1320 2106 judicium,
1351 2032 1525 2109 approbata
1548 2030 1602 2091 leto
1648 2078 1651 2095 .

118 2124 226 2182 Prinne
238 2129 287 2183 est
298 2121 336 2182 de
348 2121 505 2200 conjugali
523 2118 625 2179 debito
640 2125 671 2177 ct
684 2125 754 2177 voto
772 2134 844 2178 con·
897 2127 1020 2188 nunnoni
1036 2130 1067 2183 et
1085 2126 1235 2184 sociorum
1250 2126 1410 2185 santerna
1422 2169 1429 2199 ,
1442 2128 1606 2205 expromunt

119 2217 265 2276 tinentiae
282 2233 299 2276 a
316 2213 494 2293 coniugibus
511 2214 623 2272 emisso
635 2230 701 2290 pag.
720 2211 788 2285 444,
807 2211 843 2271 44.
899 2220 1007 2280 xvlll.
1035 2224 1066 2277 et
1091 2223 1276 2296 pestremam
1304 2216 1343 2277 ad
1370 2219 1525 2298 fleqinum
1544 2218 1607 2279 con.

123 2311 161 2372 ad
183 2309 303 2371 Gudom
325 2309 448 2369 viduam
471 2324 537 2386 pag.
561 2305 614 2368 454
632 2350 639 2381 ,
657 2306 718 2369 444.
738 2312 770 2365 44
786 2305 845 2379 lV,
899 2312 1046 2373 directam
1063 2328 1129 2389 pag.
1144 2311 1203 2372 323
1220 2324 1313 2387 quam
1328 2312 1608 2390 Fulgentiusmuclc,

120 2406 158 2467 ad
177 2403 307 2466 Probum
324 2404 553 2481 devirginasse
569 2417 636 2479 pag.
657 2400 725 2462 468.
746 2408 845 2475 (cujus
900 2412 936 2466 ut
953 2405 1037 2480 dixi,
1055 2412 1241 2483 praeventus
1259 2404 1478 2469 numantino
1496 2407 1611 2487 suppleo·

119 2517 187 2579 pag.
212 2501 268 2561 459
287 2498 408 2570 mentio)
426 2502 459 2556 ct
475 2495 513 2555 dc
530 2495 665 2556 oratione
683 2491 720 2553 ad
738 2493 844 2553 obuli
899 2496 969 2560 dam
988 2502 1019 2559 et
1032 2496 1248 2558 absolvendam
1266 2497 1406 2575 reliquit.

123 2599 154 2653 et
173 2594 403 2672 compunctione
428 2589 534 2651 Cordis
558 2606 625 2668 pag.
652 2587 720 2649 477.
742 2588 785 2659 V,
806 2583 844 2646 44
944 2589 1034 2653 44444
1050 2589 1087 2651 44
1107 2592 1162 2652 88.
1180 2590 1341 2664 Triclinia,
1369 2611 1437 2671 quo
1461 2596 1612 2675 Fulgentius

122 2684 470 2768 Euppppium‘bbbatem
483 2701 548 2762 pag.
561 2683 629 2745 482.
643 2683 689 2758 Vl,
704 2679 742 2741 ad
757 2679 843 2741 Thoo-
900 2684 1032 2746 Felicem
1059 2684 1221 2745 Notarium
1234 2683 1274 2764 ¹ad
1296 2687 1521 2750 retundendos
1535 2688 1613 2749 boot·

122 2779 231 2841 4444444
246 2783 423 2843 senatorem
438 2796 504 2857 pag.
525 2778 592 2849 486,
608 2776 645 2837 44
664 2776 844 2836 vacantiam
903 2782 1031 2839 tinorum
1051 2780 1184 2839 insultus
1200 2795 1260 2838 oon
1279 2780 1356 2838 satis
1376 2782 1610 2855 instructum«

124 2894 191 2957 pag.
210 2870 487 2937 l90.,Acocosetur
507 2875 609 2929 autem
633 2868 681 2929 his
694 2868 844 2946 Fulgentii
902 2870 1066 2932 desideriis
1084 2873 1180 2950 ipsius
1195 2870 1370 2945 satisfaciat,
1388 2873 1431 2934 de
1451 2876 1510 2936 boc
1526 2880 1610 2953 royac

124 2969 262 3051 epistolis
275 2967 366 3028 etiam
382 2964 467 3038 Vlll,
483 2959 600 3025 44444444
615 2962 651 3023 44
665 2960 725 3041 fide
739 2960 781 3022 44
791 2962 848 3021 Do-
902 2968 946 3027 rio
973 2967 1101 3045 aliisque
1119 2965 1188 3026 fidei
1205 2964 1355 3044 capitibus
1386 2968 1525 3031 fideliter
1549 2968 1612 3030 inlu·

126 3069 252 3139 notum,
270 3077 331 3141 quo
348 3062 530 3137 mysterium
548 3059 601 3119 SS.
628 3057 784 3117 Trinitatis
814 3061 847 3115 et
911 3069 976 3122 mat
992 3079 1059 3141 pag.
1076 3061 1146 3124 328.

126 3155 457 3221 incarnationisavariis
468 3150 846 3214 haereticorumerroribus
942 3152 1031 3215 44444
1044 3153 1086 3214 od
1105 3154 1250 3215 Vectorem
1264 3159 1374 3214 contro
1391 3156 1617 3220 sermotionale-

126 3250 298 3312 vindicatur
315 3265 381 3327 pag.
398 3248 466 3309 497.
484 3247 620 3306 insertae
635 3259 758 3323 quoque
780 3242 848 3303 Ful·
899 3248 1031 3322 444444οεί,
1049 3251 1101 3327 qui
1119 3248 1252 3309 desertis
1266 3248 1516 3314 orthodoxorum
1531 3251 1619 3314 casim

104 3346 219 3426 ·gentii
244 3343 382 3424 epistolis
409 3343 462 3403 lli.
486 3357 552 3420 pag.
575 3341 635 3400 208
654 3335 778 3419 apostolo
797 3336 848 3398 VI·
900 3342 937 3404 44
955 3343 1081 3402 Arianos
1097 3341 1264 3417 deiecerat,
1283 3347 1319 3402 et
1335 3359 1375 3403 ex
1396 3348 1555 3407 essentiali
1581 3347 1620 3405 44-

128 3434 518 3515 CTOlilSodFulpentuum
532 3435 627 3512 ipsius
638 3449 743 3511 preces
759 3433 848 3493 enixe
901 3438 971 3511 tris,
991 3436 1059 3495 Filii
1073 3443 1103 3496 et
1122 3435 1254 3514 Spiritus
1268 3436 1373 3496 Sancti
1391 3440 1522 3513 unitate,
1539 3440 1621 3500 Pamin

127 3534 311 3613 tinguentia,
328 3537 360 3591 et
374 3525 603 3591 FASTIDIOSI
613 3523 726 3584 Ariani
734 3539 849 3585 sermo·
904 3537 936 3592 44
955 3531 1090 3609 Spiritus
1107 3530 1208 3590 Sancti
1227 3531 1475 3595 incarnationem
1492 3534 1574 3612 sequi
1587 3548 1622 3592 ur

127 3645 204 3703 rem,
221 3627 273 3704 qui
288 3625 418 3685 Victoris
435 3620 579 3700 epistolae
594 3636 661 3698 pag.
679 3619 737 3680 240
755 3619 850 3699 subji—
909 3632 1036 3705 gelatus
1052 3624 1149 3684 iuerat
1162 3641 1229 3702 pag.
1244 3624 1314 3684 344.

131 3725 227 3794 citur,
248 3715 467 3780 confutandum
496 3715 754 3783 transmittentis;
776 3718 850 3773 item
948 3719 993 3778 Dc
1015 3715 1192 3779 remissiora
1203 3721 1403 3797 peccatoram
1425 3719 1503 3782 libri
1520 3721 1576 3783 duo
1591 3716 1624 3778 od

132 3811 257 3895 44444444
273 3811 449 3874 SCAlllLAE
462 3853 470 3884 ,
485 3806 524 3867 X.
542 3824 611 3886 pag.
628 3805 687 3868 242
705 3807 757 3883 qui
774 3804 850 3866 duas
905 3810 1122 3892 Euthymiom,
1145 3812 1174 3870 in
1204 3811 1316 3888 quibus
1339 3829 1400 3874 uec
1427 3824 1519 3876 extra
1535 3814 1623 3878 arcu

130 3910 334 3988 quaestiones,
361 3921 454 3965 uuam
483 3901 521 3962 ne
552 3900 757 3961 incarnat-ioue
785 3901 849 3960 Filii
903 3908 1000 3981 eiam,
1019 3923 1075 3966 nee
1092 3912 1178 3965 extra
1203 3905 1283 3965 vitae
1302 3905 1399 3986 hujus
1417 3912 1571 3988 spatium,
1589 3908 1623 3966 lo·

131 4003 217 4079 out,
233 4007 265 4061 et
281 4000 406 4060 alteram
425 3996 463 4058 de
482 3996 586 4056 vilium
604 3995 780 4055 animalium
798 4011 851 4056 au·
904 4017 975 4060 cnm
990 3999 1197 4078 poenitentiae
1214 4000 1358 4077 relinquit
1375 4018 1446 4081 pag.
1462 4005 1534 4065 364).

131 4103 232 4171 ctore,
253 4094 408 4171 Fulgentio
435 4091 591 4170 proponit,
611 4086 690 4149 duae
711 4087 851 4168 44444444
945 4091 1093 4154 biberari
1106 4091 1277 4166 Scorilonu,
1295 4110 1357 4171 quo
1374 4103 1407 4154 ct
1424 4095 1464 4156 de
1495 4102 1619 4159 incuruo

131 4187 259 4250 Diaconu‘
272 4187 471 4258 FEllliAlt'Dl,
489 4198 618 4263 quarum
637 4200 698 4246 una
713 4186 766 4245 xl.
784 4201 851 4263 pag.
905 4191 982 4246 tuorue
998 4185 1141 4261 04444444,
1168 4191 1198 4247 44
1215 4184 1388 4258 desiliam,
1419 4194 1449 4250 44
1470 4192 1617 4253 noaenmn

134 4282 346 4348 alcandrae
367 4281 561 4359 quaestiones
583 4278 621 4338 de
644 4279 794 4357 baptismo
820 4286 852 4339 et
906 4277 1088 4339 animalium
1109 4279 1319 4361 promotione
1335 4283 1523 4361 Fuigentius
1542 4284 1621 4344 duee

135 4379 233 4440 salute
251 4377 401 4455 AEthiopis
418 4371 606 4447 moribundi,
618 4372 712 4433 altera
728 4373 808 4433 Xlll.
822 4388 851 4450 p.
907 4377 964 4449 rit,
980 4376 1091 4452 quippe
1112 4375 1203 4452 cujus
1219 4374 1377 4434 arbitrium
1395 4377 1561 4455 elegerant,
1575 4371 1618 4454 qui

135 4475 196 4537 228
210 4472 247 4534 44
266 4473 399 4550 quinque
414 4469 609 4546 quaestiones
632 4464 750 4526 diversi
766 4482 855 4544 argu·
907 4471 938 4529 in
961 4471 1102 4529 convivio
1118 4468 1250 4547 quodam
1266 4466 1304 4527 de
1320 4475 1453 4548 utroque
1472 4475 1569 4552 capite
1585 4468 1622 4528 di·

136 4569 266 4629 mentia
291 4565 449 4644 Fulgentio
475 4558 651 4640 responderi
678 4558 852 4634 desiderat3
907 4563 1010 4622 versis
1026 4564 1186 4623 sententiis
1203 4570 1469 4625 concertaverunt.
1489 4584 1553 4647 pag.
1566 4562 1622 4624 444.

137 4663 207 4739 xil,
223 4668 254 4722 et
267 4657 337 4721 xlv
352 4706 360 4736 ,
374 4657 411 4720 ad
434 4652 628 4716 Ferrnadum
644 4671 673 4733 p.
695 4654 728 4714 24
736 4654 763 4713 6.
788 4653 852 4713 XV.
909 4654 1014 4716 Edidit
1034 4657 1166 4734 primum
1182 4656 1352 4718 Guilelmus
1368 4658 1564 4722 Camerarius
1580 4658 1624 4718 la

139 4754 355 4832 Episcoporum
365 4751 583 4822 Africanorum,
596 4745 764 4822 DATlle,
778 4745 855 4807 For·
907 4751 958 4808 ris.
977 4748 1064 4810 4634.
1079 4749 1126 4810 42.
1141 4766 1211 4810 cum
1225 4749 1292 4809 aliis
1306 4751 1507 4814 monimentis
1522 4752 1558 4814 de
1569 4751 1623 4829 qui-

141 4845 246 4922 tunnti,
257 4844 365 4921 noemi,
380 4842 515 4918 Victoris,
530 4840 715 4915 scholastici,
728 4838 852 4917 orontii,
910 4840 971 4901 bus
984 4841 1055 4902 vide
1073 4841 1226 4903 Labbeum
1244 4848 1266 4901 t.
1284 4844 1312 4903 2.
1331 4841 1370 4904 44
1383 4844 1416 4905 S.
1433 4848 1468 4907 E.
1484 4866 1514 4927 p.
1529 4846 1589 4907 833.

142 4941 172 4997 44
182 4935 313 4998 aliorum
326 4937 358 4997 in
380 4935 525 4999 Sardinia
541 4933 668 4996 4444444
692 4935 854 5014 Episcopo
947 4934 990 4995 De
1018 4934 1145 4996 ueritate
1161 4932 1457 5015 praedestinationis
1473 4946 1504 5002 44
1516 4936 1622 5021 protiuc

141 5048 208 5092 rum
222 5028 258 5090 ad
279 5029 444 5093 Iohannem
459 5027 611 5109 quendam
641 5028 853 5109 Presbyterum
908 5026 985 5086 DF!
996 5028 1033 5090 ad
1048 5027 1211 5091 labeonem
1227 5036 1260 5091 et
1280 5030 1463 5115 Venerium,
1493 5036 1556 5097 libri
1570 5041 1621 5093 tres
