3464 5318
111 436 230 503 semper
247 414 349 499 utique
373 417 497 496 4444444,
513 423 602 501 alqeee
628 435 770 484 senemr:
790 420 833 481 ita
886 419 1105 499 tom.⁴1V‚pug.
1126 416 1203 482 4434
1220 422 1340 482 insemi.
1352 421 1408 483 Vix
1419 418 1522 483 dubito
1531 421 1605 498 quin

108 512 221 595 procul
232 532 254 574 a
267 512 360 574 444444
376 511 622 594 contentioneque,
637 518 673 574 nt
685 530 753 577 444444
768 511 835 575 Vol·
886 510 943 574 heo
960 514 1024 592 ipse
1035 514 1075 572 444
1088 515 1199 590 oratio,
1217 531 1307 592 quum
1326 516 1403 575 inter
1416 513 1545 574 ineditas
1556 529 1606 573 44-

112 604 161 669 lae
177 603 530 687 Poppsomreconeiliare
546 611 716 682 4444444444,
727 622 834 667 eosne-
886 614 991 669 censet
999 605 1048 667 hic
1059 608 1210 667 Fabricius
1223 612 1255 668 et
1264 624 1318 686 per
1327 623 1457 668 emerem
1467 622 1516 666 an.
1530 606 1602 667 4434

111 698 268 782 propiare
283 698 534 778 litterator,neqne
544 698 730 762 comnenae
738 697 837 761 bidei
886 701 1028 778 assignat,
1039 698 1172 761 nandum
1184 701 1352 761 emmanue
1366 700 1416 760 iilo
1431 699 1613 781 Ambrosius,

110 790 302 873 (4444444444
308 789 429 853 neuen
439 788 599 868 4444444444,
610 796 835 854 caeremon
888 790 1607 872 eddonoiiiumvenernthdiiodoeporioumquad

112 882 286 946 litterarum
300 883 392 946 4444444
402 881 559 965 prudentis
570 882 676 946 libellis
692 885 835 967 4444444444-
888 886 995 946 attinet
1015 900 1074 943 non
1091 884 1257 945 Florentiae
1276 885 1412 964 quidun,
1434 885 1487 946 sed
1511 886 1609 945 Lucae

112 996 152 1039 ne
163 977 362 1061 44444οά44444
377 977 556 1039 Lumbecius
575 981 744 1043 versionem
765 980 836 1040 ser-
888 977 1016 1057 prndivit
1032 979 1172 1055 quamvis
1189 980 1217 1037 in
1238 978 1344 1056 Operis
1361 978 1458 1038 trente
1479 982 1608 1055 uterque

113 1088 235 1133 monum
250 1068 325 1133 XX!
341 1069 506 1151 lipbraemi
527 1070 601 1150 Syri
624 1071 662 1133 nh
680 1071 836 1134 Ambrosio
888 1070 972 1132 locus
988 1072 1137 1150 signatur:
1154 1068 1322 1149 Florentiae
1338 1076 1368 1130 et
1381 1070 1488 1131 Lucae.
1502 1068 1610 1130 hunus

114 1164 713 1227 translatorumincaesareaitibiiothecu
722 1166 835 1227 44844444
889 1176 949 1223 non
981 1161 1170 1239 adscribitnr3
1188 1163 1242 1224 sed
1258 1164 1311 1223 vix
1331 1162 1435 1224 dubito
1453 1163 1529 1241 quin
1557 1178 1610 1222 an-

113 1273 288 1319 memoreus
303 1262 376 1318 tom.
392 1259 404 1318 1
421 1257 486 1336 pag'.
499 1258 557 1320 443
573 1255 755 1318 deBihlioth.
765 1259 837 1319 Vin·
889 1272 949 1319 nus
965 1256 1043 1319 4678
1056 1255 1253 1317 destinandus
1268 1259 1316 1317 444.
1338 1256 1476 1318 4444444444
1489 1253 1611 1316 Boetho

114 1350 182 1411 doh.
196 1349 409 1429 vulgavitejus
417 1348 633 1411 Praelationem
644 1348 682 1410 ad
692 1350 834 1413 cosmum
888 1349 969 1412 linus
981 1351 1069 1412 cuius
1081 1366 1169 1429 opem
1189 1349 1367 1429 opusculum
1390 1346 1463 1410 iliud
1482 1345 1609 1427 prodiit,

112 1441 271 1520 hiedioem,
288 1442 427 1520 eandem,
444 1458 536 1521 quam
550 1457 589 1503 ex
612 1444 748 1505 4444444444
767 1458 834 1523 pag.
889 1442 1225 1520 congregationis-meae
1235 1443 1358 1503 vireret
1370 1440 1490 1515 doetus,
1503 1438 1612 1501 author

113 1536 175 1598 708
189 1533 381 1615 jamnotavi.
800 1538 802 1543 ’
890 1536 1037 1598 Carminis
1053 1535 1176 1615 elegiaci
1193 1536 1222 1595 in
1236 1535 1357 1597 exordio
1371 1534 1545 1596 danninum
1556 1532 1612 1593 La-

118 1654 121 1659 ·
154 1629 203 1691 Ex
218 1630 350 1709 scriptis,
364 1646 441 1708 quae
454 1630 629 1696 Ambrosius
645 1633 709 1712 ipse
719 1648 837 1713 compo-
889 1629 1020 1689 tinorum
1047 1630 1078 1689 P.
1105 1628 1285 1691 Bartholom.
1306 1628 1444 1689 Beverini
1468 1626 1613 1687 Lunensis

112 1724 190 1799 suit,
206 1723 302 1802 primo
318 1722 382 1784 loco
397 1723 585 1787 laudandum
599 1724 666 1804 ejus
686 1724 837 1805 4744444444-
890 1722 1132 1801 congregationis
1139 1721 1240 1782 itidem
1252 1738 1336 1782 meac
1346 1719 1522 1781 doctissimi.
1533 1718 1626 1790 Quo.

111 1814 211 1891 meon,
227 1816 294 1876 sive
309 1813 468 1894 descriptio
496 1814 611 1879 itineris
637 1819 685 1880 sui
704 1817 740 1880 A.
758 1820 830 1882 4434
889 1814 926 1877 ad
943 1817 1112 1875 versionem
1128 1814 1321 1877 homiliarum
1341 1814 1373 1875 8.
1394 1812 1527 1892 Ephrem
1548 1826 1609 1871 non

111 1908 251 1995 suscepti
265 1907 429 1971 lustrandis
445 1909 765 1993 emendandisqueper
779 1913 838 1974 lta-
891 1914 1007 1988 septem
1040 1906 1249 1969 tantummodo
1269 1906 1407 1967 homilias
1434 1904 1614 1967 Ambrosius

87 2078 92 2095 ¹
112 2002 187 2065 riam
203 2000 414 2065 nonachorum
431 2009 462 2064 et
476 2003 645 2067 44ουί4444444
660 2004 780 2066 Ordinis
790 2005 837 2067 4444
890 1999 984 2077 dedit,
1001 2007 1049 2062 444
1062 2002 1142 2062 enim
1153 1999 1234 2080 apud
1247 2017 1295 2060 me
1308 1999 1400 2060 editio
1409 1999 1490 2060 illius
1499 2000 1614 2061 Veneta

113 2094 259 2157 moribus.
286 2094 370 2157 lianc
394 2096 531 2159 Nicotaus
556 2096 747 2161 Bartholinus
768 2101 839 2160 Bar·
892 2110 940 2155 an.
956 2095 1027 2155 lbbi
1047 2094 1077 2153 in
1094 2111 1153 2172 qua
1166 2098 1239 2154 sunt
1255 2107 1410 2153 sermome
1428 2093 1500 2152 xix
1520 2097 1614 2169 atque

111 2186 217 2269 3444444
230 2194 385 2267 acceptum
401 2205 419 2250 4
434 2188 643 2269 htagiiehechio
664 2189 757 2252 edidit
775 2191 840 2252 Flo
892 2187 951 2247 iilis
963 2186 1088 2266 epistola
1100 2184 1250 2247 Ambrosii
1260 2183 1297 2246 ad
1311 2184 1458 2247 Cosmum
1467 2182 1612 2245 iledioem
1655 2238 1658 2247 .

113 2282 231 2343 44444444
258 2281 349 2359 4878,
373 2282 400 2342 4.
420 2278 467 2360 d)
483 2283 598 2344 inedita
621 2290 694 2345 sunt
723 2292 841 2364 praeter
892 2278 1073 2359 praeligitur.
1081 2281 1163 2341 Prior
1172 2278 1263 2341 huius
1279 2280 1378 2359 operis
1391 2275 1616 2339 editioestFlo-

113 2373 288 2453 Orationes,
315 2391 392 2454 qenes
416 2374 520 2437 hahuit
541 2376 667 2463 Eugenii
680 2376 719 2439 lv
734 2379 841 2439 Orator
893 2373 1009 2433 rernm
1028 2388 1076 2434 an.
1099 2374 1171 2435 4484
1198 2373 1273 2433 inl.

113 2469 146 2528 444
162 2467 301 2530 4444444444
318 2468 482 2531 8444444444
509 2424 615 2533 4444444
629 2469 685 2531 444.
707 2470 779 2533 4434
808 2478 839 2534 44
932 2465 1070 2527 omissus
1089 2473 1137 2527 est
1157 2467 1206 2528 hia
1229 2484 1247 2528 4
1267 2466 1398 2528 Fabricio
1416 2462 1536 2526 Aeneas
1553 2462 1614 2525 Ga-

112 2561 228 2622 Graece
241 2558 288 2627 lm
307 2560 384 2622 4438
396 2563 558 2640 Penariae,
569 2560 655 2624 Libri
662 2562 721 2624 duo
732 2582 838 2626 eonem
893 2561 1135 2640 zeusisntoiogue
1147 2561 1190 2622 De
1204 2557 1425 2621 immortalitate
1438 2556 1558 2619 anim
1567 2559 1616 2619 in-

112 2670 221 2714 remen
225 2670 327 2735 ,qums
338 2652 700 2735 qmcidbbaryeneoalie
714 2657 838 2720 Gamal—
892 2656 1022 2734 scriptus
1040 2653 1264 2735 lbeophmsteu,
1278 2654 1613 2731 nhAmhrosioversus,

113 2744 297 2809 4444444444·
308 2746 558 2828 Vitamliupeniae
570 2749 712 2828 replete,
725 2752 840 2816 ernon
893 2757 928 2811 ut
940 2752 1016 2810 est
1008 2767 1039 2810 m
1060 2749 1130 2811 Cod.
1148 2752 1207 2812 448
1229 2748 1430 2812 bibliothecae
1450 2748 1616 2810 Fesuluuae

113 2845 232 2901 44444444
247 2841 334 2902 Proti
347 2845 377 2900 et
390 2841 557 2922 Hyacinthi
572 2843 645 2905 Nam
669 2843 839 2907 Chrooieon
893 2845 1109 2906 canonicorum
1118 2845 1222 2925 Regni.
1226 2837 1303 2905 vue
1313 2859 1464 2905 summam
1475 2839 1611 2904 4444444444

113 2932 379 3011 tremerent,
397 2935 837 3018 quodeitribuuntplerique‚
892 2936 1088 2999 Bibliothecae
1101 2954 1120 2999 4
1135 2935 1433 2999 Pallavioiuoeditem
1447 2924 1617 2996 Florentino

115 3046 177 3089 non
190 3030 359 3108 composuit
375 3029 428 3089 sed
444 3031 616 3109 recognovit
629 3031 840 3106 e)et1amtm-
892 3045 940 3090 an.
963 3029 1049 3092 47448.

117 3128 236 3183 etatum
251 3120 288 3183 de
305 3121 436 3203 Corpore
453 3120 587 3201 044νί444,
605 3123 670 3185 slve
685 3131 719 3186 ut
734 3124 839 3187 44444-
932 3124 1292 3202 (44444444444444444444
1285 3142 1314 3185 m
1329 3124 1511 3185 4444444444
1502 3138 1617 3203 ingres-

115 3216 176 3278 dus
191 3214 280 3276 Wion
298 3222 399 3293 vocat,
415 3214 678 3295 deSamumentir,
697 3225 770 3282 sunt
786 3221 846 3298 qui·
892 3236 946 3281 sus
958 3219 1100 3281 Historiae
1124 3221 1294 3281 Litterariae
1306 3221 1335 3278 in
1347 3218 1478 3301 sednon
1489 3219 1617 3297 exiguae

115 3315 228 3389 negant
254 3312 387 3383 exstare,
416 3314 449 3370 ut
475 3310 651 3372 anciecus
677 3313 841 3390 Dionysius
893 3312 979 3375 molis
992 3314 1145 3376 volumine
1161 3313 1264 3375 haberi
1275 3313 1452 3374 thesaurum
1462 3312 1590 3391 ignoret:

116 3401 325 3477 Camusutusij
337 3400 461 3464 notisnd
473 3401 684 3467 Bibliotheonm
694 3404 839 3485 Alpheusi
933 3404 1036 3467 Ambe.
1055 3404 1248 3468 Traveroorii
1257 3404 1445 3487 immoene
1464 3402 1506 3465 od
1516 3403 1618 3484 4444444

115 3496 272 3559 Cinoconii
373 3557 378 3567 ,
893 3506 924 3562 et
936 3498 979 3561 acl
996 3498 1073 3562 elios
1085 3500 1208 3564 Latitiae
1224 3498 1377 3580 uptmtae
1397 3497 1429 3558 in
1448 3495 1528 3560 Libr.
1543 3498 1621 3560 XXV

156 3588 174 3623 '⁵
183 3588 387 3668 Epistoiarum
399 3588 547 3652 Ambrosii
560 3591 766 3653 collectionem
776 3591 840 3652 lon-
855 3658 858 3663 ,
878 3592 1025 3665 metae
1034 3594 1191 3656 carloman
1205 3612 1297 3677 opera
1313 3593 1469 3655 distinctae
1480 3596 1512 3654 et
1520 3608 1619 3655 omn

114 3696 153 3760 ge
165 3682 355 3761 ampliorem,
371 3698 461 3762 quum
472 3700 550 3762 quae
566 3702 654 3764 opera
664 3686 695 3746 Ρ.
706 3686 839 3746 nutem
879 3687 1021 3751 neem
1039 3686 1224 3750 menone.-
1234 3685 1454 3748 aooediteinsd.
1465 3684 1620 3748 Ambrosii

114 3773 270 3854 prodierit,
287 3773 431 3837 edomare
444 3778 573 3856 comperi
587 3778 621 3838 V.
638 3776 839 3839 clarissimum
890 3783 953 3844 oe'ta
973 3782 1005 3843 iu
1024 3800 1086 3862 qna
1101 3781 1235 3844 44444444
1260 3781 1423 3844 Littemria
1443 3778 1619 3842 Florentino

114 3871 310 3931 Laurentium
320 3869 438 3946 biehus,
455 3870 542 3932 cuius
555 3872 685 3932 amicitie
700 3886 759 3931 non
771 3872 838 3932 sine
891 3873 934 3937 ab
946 3891 995 3934 uo.
1017 3877 1096 3938 4438
1111 3890 1208 3956 meae
1225 3874 1268 3935 ad
1281 3892 1331 3935 an.
1350 3877 1433 3938 4448
1452 3893 1494 3937 en
1512 3878 1618 3937 44444444-

113 3963 218 4025 lructu
232 3968 265 4024 et
280 3964 434 4044 voluptate
448 3964 544 4042 444444,
559 3980 670 4042 eosque
686 3965 742 4025 viri
759 3964 838 4025 docti
890 3968 997 4030 44444444
1017 3967 1209 4048 potirsbnnm
1238 3967 1366 4028 nondum
1392 3968 1464 4029 edati
1490 3966 1617 4030 4444444444

114 4056 236 4119 iabores
251 4073 343 4136 prope
359 4056 438 4118 diem
452 4055 587 4136 publicae
596 4058 717 4119 utilitati
728 4057 839 4118 donau-
892 4066 939 4124 eet
954 4078 977 4122 4
996 4060 1159 4123 Laurentio
1174 4060 1288 4123 44444444.
1304 4059 1474 4122 Florentme
1493 4078 1537 4122 eu
1556 4064 1614 4141 typ.

113 4149 172 4209 dos
184 4155 389 4228 expectamas.
406 4148 576 4211 Orationem
593 4151 725 4212 ineausn
735 4151 839 4213 Conci·
885 4156 979 4221 cm.
999 4155 1076 4218 4759
1095 4155 1142 4216 444.

116 4242 146 4302 444
168 4240 300 4303 habiturn
330 4240 422 4304 Albae
438 4258 537 4304 coram
558 4243 749 4324 Sigismundo
768 4260 840 4322 rege
932 4247 1615 4328 4444404444’,44441444444444,44444444

115 4335 197 4397 tteb
212 4351 251 4395 ex
265 4336 422 4397 Veteribus
431 4338 630 4399 henamensis
643 4339 696 4399 PP.
707 4340 840 4400 binrtene
891 4363 909 4407 a
926 4342 1178 4405 nostrodiversus
1191 4348 1223 4403 et
1239 4341 1295 4404 An.
1314 4344 1391 4404 4340
1402 4340 1523 4418 vixisse,
1534 4339 1615 4419 apud

114 4435 147 4489 et
160 4427 283 4491 Durand
293 4446 347 4510 ego
360 4446 426 4491 meo
437 4431 613 4492 dociliomm
624 4431 839 4510 supplemento
893 4438 1037 4518 cangium
1060 4439 1193 4518 ponitur,
1211 4437 1312 4499 44441444
1338 4437 1406 4511 init,
1423 4441 1457 4495 ut
1478 4438 1523 4494 ex'
1536 4433 1614 4493 serie

892 4530 1041 4593 hbhatum
1061 4530 1335 4593 camaldulensium
1355 4527 1434 4607 apud
1448 4525 1616 4588 heroldum

892 4626 1122 4686 Wionumtom.
1141 4624 1208 4703 ilig
1190 4624 1338 4684 444444444
1355 4638 1421 4701 peg.
1436 4619 1551 4700 37seq.
1562 4636 1617 4701 ap-

158 4704 186 4767 d)
203 4707 309 4770 lignea!
320 4706 500 4763 144444144444.
512 4715 535 4762 44
541 4725 621 4776 ,pag
634 4711 688 4763 488
699 4716 762 4765 Actu
776 4714 841 4763 44444·
892 4724 985 4798 paret

112 4781 368 4919 (4440ῗέἷοῖζὲΙὲΰὲ
377 4787 536 4916 nm·
510 4863 536 4915 d
545 4867 619 4916 mm
640 4870 701 4915 tom·
715 4864 760 4925 Ιχ
777 4875 836 4926 m
931 4809 1108 4872 innnosrr
1124 4808 1297 4884 Centonem,
1310 4809 1425 4870 Patricii
1435 4809 1542 4870 Veneti
1555 4808 1614 4868 Ve-

115 4930 172 4983 444
893 4902 1140 4983 netarumquead
1155 4904 1271 4963 Persiae
1290 4904 1400 4982 Regem
1429 4903 1616 4963 4444444444-

159 5008 367 5077 orationeque
379 5016 511 5070 termnuee
522 5024 589 5070 mue
602 5019 644 5067 444
655 5026 733 5080 ,444
747 5011 801 5064 444.
895 5015 966 5059 num
984 4997 1072 5079 legati
1082 5003 1256 5079 susceptum
1268 4994 1323 5057 hu
1337 4994 1423 5059 4473.
1437 4994 1499 5056 lter
1514 4992 1603 5056 Persi
