3464 5318
193 327 253 388 siit
771 317 1099 382 ciuiiauuis

214 433 242 492 7.
260 433 297 492 lu
309 430 489 511 parobolam
504 427 540 487 444
554 426 616 506 filio
631 426 757 508 prodigo
769 431 839 490 Luc.
852 432 915 491 XV.
973 431 1048 490 riam
1065 429 1220 490 Ecclesiae
1237 429 1295 488 illis
1313 427 1501 506 temporibus
1530 443 1591 486 non
1614 429 1695 488 inuti

195 545 261 607 pag.
282 527 347 587 409.
370 527 429 584 4444
446 540 515 582 cum
533 528 663 599 quatuor
684 541 761 602 quae
783 525 918 601 proxime
974 524 1027 583 lea.
1043 524 1227 601 Argumenta
1250 521 1436 599 singularum
1454 520 1553 580 uideri
1576 530 1696 600 possunt

196 620 358 680 recensebo
373 618 495 694 scriptis
508 615 658 693 prodierat
669 616 917 690 Parisiisl52l,l.
975 620 1064 678 etiam
1082 617 1162 696 'apud
1180 614 1345 693 Launojum
1362 617 1391 674 in
1410 616 1534 674 historia
1546 614 1696 694 Gymnasii

195 730 212 772 e
230 709 409 772 Bibliotheca
421 710 451 769 S.
461 710 599 785 Victoris,
610 714 641 768 et
654 726 715 768 una
727 726 796 768 cum
813 707 918 767 lisdem
981 713 1122 773 Navarrei
1151 719 1223 770 tom.
1241 711 1285 782 ii,
1302 721 1368 788 pag.
1387 708 1453 769 572.
1484 724 1572 786 seqq.
1593 711 1698 770 ilarum

96 825 97 829 ¹
195 810 296 867 exstat
314 805 404 862 etiam
420 804 449 861 in
467 805 563 882 prima
581 802 711 862 editione
722 800 920 861 Bibliothecae
975 806 1120 883 integrior
1136 804 1236 865 Codex
1253 801 1309 863 lln.
1328 803 1415 863 4480.
1426 802 1698 862 4444444444444-

194 902 318 960 Patrum
340 899 511 975 Bigneanae
528 896 620 955 Paris.
643 894 735 970 4575,
752 901 825 955 torn.
842 895 921 972 Vlll,
976 896 1082 958 chorio
1103 897 1231 971 7444444,
1243 894 1458 955 Praebendario
1469 894 1628 955 Ecclesiae
1645 914 1699 955 ma-

194 1008 261 1070 pag.
281 989 349 1052 557.
528 985 532 988 ’
973 991 1048 1069 juris
1076 991 1324 1069 argentinensis,
1346 994 1446 1049 exstat
1468 989 1499 1046 in
1520 989 1697 1051 Bibliotheca

234 1086 263 1143 8.
281 1084 324 1143 Dc
339 1080 447 1163 [ructu
464 1082 568 1157 eremi,
587 1081 623 1142 ad
640 1084 762 1142 Petrum
780 1080 817 1141 de
834 1078 922 1140 iiiia·
976 1084 1287 1157 Wolffenbiittelensi,
1310 1100 1346 1141 cx
1368 1099 1427 1159 quo
1447 1081 1606 1161 Epistulas
1626 1084 1648 1143 i.
1666 1086 1695 1145 ii.

192 1195 227 1238 co
245 1194 310 1256 pag.
330 1178 382 1237 444
410 1174 484 1235 liber
501 1176 687 1253 compositus
704 1177 783 1235 circa
798 1173 919 1234 Annum
974 1181 1034 1241 cii.
1056 1185 1086 1239 et
1107 1179 1197 1239 cxii.
1214 1178 1378 1237 recensitas
1399 1175 1494 1235 edidit
1511 1177 1696 1239 Hermannus

192 1272 271 1332 4443
289 1275 320 1329 ct
337 1270 375 1329 de
393 1271 461 1347 iuga
484 1269 596 1334 saeculi
618 1268 781 1345 curiaeque
801 1265 915 1345 Papaiis
971 1272 1007 1333 ad
1030 1271 1122 1331 Hardt
1145 1278 1226 1330 tomo
1255 1271 1276 1329 l.
1306 1269 1429 1330 Concilii
1458 1269 1694 1333 constantiensis

193 1368 223 1424 in
243 1365 414 1440 Clemangio
432 1362 619 1422 luculentum
637 1361 850 1420 testimonium.
969 1371 1054 1444 parte
1075 1364 1114 1438 2,
1136 1381 1201 1442 pag,
1225 1363 1261 1436 t,
1284 1363 1341 1432 20,
1363 1363 1395 1423 3i
1415 1406 1421 1436 ,
1443 1364 1494 1423 38.
1511 1361 1599 1423 Alios
1620 1366 1696 1427 cadi.
1727 1407 1729 1416 .

233 1460 261 1517 t).
279 1457 321 1516 De
342 1453 448 1536 [ructu
474 1472 528 1515 seu
554 1453 755 1535 prosperitate
769 1469 873 1512 rerum
890 1453 915 1527 al
933 1474 936 1482 ·
970 1440 1102 1518 castres
1125 1459 1154 1516 in
1177 1456 1360 1517 Bibliotheca
1375 1456 1464 1532 Regis
1482 1455 1694 1521 christianissi-

192 1551 394 1618 udversarum
411 1567 476 1627 pag.
497 1551 564 1611 iat.
971 1553 1012 1611 mi
1036 1557 1213 1620 exstanteS,
1235 1549 1356 1609 Oudino
1389 1548 1536 1609 indicavit
1570 1552 1693 1614 Placidus

234 1646 281 1706 40.
303 1644 344 1702 Dc
360 1641 444 1703 novis
460 1638 671 1721 festivitatibus
689 1658 751 1699 uou-
765 1640 918 1700 iustrtueu-
970 1643 1146 1723 Porcheron.
1169 1645 1265 1704 Versu
1287 1645 1380 1702 etiam
1402 1644 1539 1703 valuisse
1568 1646 1693 1706 Cleman-

193 1737 248 1797 dis.
265 1755 331 1815 pag.
351 1736 418 1796 443.
447 1737 547 1797 Etiam
580 1737 661 1796 hun'c
690 1735 825 1795 libellum
841 1735 919 1794 circa
974 1755 1040 1816 gem
1058 1737 1146 1797 docet
1163 1734 1259 1815 elegio
1277 1735 1308 1795 iu
1324 1733 1437 1795 obitum
1455 1735 1566 1796 Jacobi'
1581 1738 1616 1799 de
1630 1741 1693 1798 Bur·

194 1831 273 1891 idem
291 1837 412 1908 tempus
430 1832 597 1907 scripturn,
616 1828 719 1889 recudi
747 1829 865 1888 curavit
890 1833 920 1887 et
975 1849 1030 1909 rey
1046 1830 1180 1908 Epistola
1195 1831 1285 1889 LXX.
1301 1835 1332 1888 et
1349 1827 1390 1887 444
1400 1828 1598 1891 Gerliurdum
1608 1830 1691 1893 44444-

196 1927 358 2003 separatim
389 1923 483 1984 edidit
512 1925 707 1984 Hermuuuus
735 1918 774 1980 ab
800 1918 918 1996 4444444,
981 1929 1042 1985 tum
1061 1923 1196 1984 iuuitutio
1212 1923 1346 2002 Epistola
1363 1923 1466 1983 CXVI.

195 2017 358 2079 Helmstad.
375 2016 472 2090 iiiii,
492 2016 519 2074 i.
1014 2020 1060 2080 l8.
1078 2020 1293 2096 Fragmentum
1319 2016 1532 2095 descriptionis
1553 2019 1633 2080 Vitae
1658 2027 1691 2100 tp·

237 2114 283 2172 44.
302 2111 345 2170 De
362 2106 561 2170 Praetulibiit
580 2106 800 2185 Si'moiii'aci'sp.
815 2108 870 2166 iiiii
882 2105 919 2166 ad
973 2111 1119 2172 ranm'cae
1137 2128 1209 2172 cum
1227 2112 1295 2189 ejus
1311 2111 1536 2182 detestatione,
1555 2131 1620 2192 pag,
1635 2116 1689 2175 355,

197 2208 281 2266 Joun.
299 2206 478 2264 Gersonium
496 2204 656 2262 Parisiens
671 2203 749 2261 circa
761 2200 818 2260 iln.
831 2201 918 2261 4444.
973 2206 1104 2266 carmine
1121 2206 1223 2282 epiro,
1241 2204 1278 2264 ad
1295 2204 1485 2264 Giintherum
1504 2206 1592 2266 Colli.

237 2301 284 2359 42.
304 2297 408 2357 Oret-io
425 2296 465 2357 444
481 2294 596 2355 Galliae
615 2293 778 2373 Principes,
791 2310 850 2370 qua
868 2310 919 2353 eos
1015 2299 1062 2358 49.
1078 2295 1168 2357 Liber
1193 2297 1229 2358 444
1252 2297 1459 2374 dutichristo,
1478 2297 1516 2359 444
1535 2305 1604 2360 ortu
1620 2302 1690 2381 ejus,

195 2413 213 2453 a
234 2393 311 2453 bello
333 2391 421 2452 Civili
443 2388 627 2449 dehortatur.
647 2405 714 2466 pag.
737 2389 803 2447 409.
973 2393 1045 2466 4444,
1056 2389 1190 2452 moribus
1208 2397 1236 2450 44
1252 2390 1401 2471 operibus.
1420 2410 1448 2470 p.
1463 2393 1615 2454 asi-359.
1628 2397 1689 2455 44444

237 2487 284 2547 44.
306 2481 441 2561 Epistola
467 2481 504 2542 ad
534 2480 722 2542 Gerhardum
749 2480 898 2542 Maketum
911 2503 920 2554 ‚·
974 2494 1065 2564 sunt,
1082 2503 1158 2564 quae
1173 2484 1301 2563 junctim
1328 2503 1345 2546 a
1372 2502 1405 2546 se
1423 2487 1552 2546 collecta
1570 2489 1692 2549 Claman-

195 2578 275 2656 quod
287 2583 348 2636 tam
361 2576 672 2654 corporecBabylone
685 2577 724 2634 sit
736 2574 919 2654 fugiendum,
974 2583 1019 2660 gis
1040 2597 1130 2658 opera
1160 2579 1253 2639 edidit
1283 2578 1482 2640 iiiiiiiirius
1514 2580 1691 2642 litaniis

195 2688 285 2749 quam
302 2676 421 2744 monto,
439 2685 506 2746 pag.
526 2668 592 2729 474.
975 2673 1132 2744 LYBIUS,
1147 2672 1301 2732 Ecclesiae
1318 2673 1545 2750 Veteraquinae
1560 2677 1592 2735 in
1609 2677 1692 2755 Belgio

238 2767 284 2825 45.
304 2761 457 2841 Epistulae
466 2762 518 2820 444
531 2761 567 2821 ad
580 2749 758 2840 Gregoriurss
772 2762 922 2821 XII-scii·
976 2768 1099 2840 Pastor,
1117 2765 1287 2844 additisque
1314 2768 1343 2826 in
1371 2767 1481 2827 librum
1511 2767 1552 2829 de
1569 2777 1692 2849 corrupto

195 2866 264 2938 ptae
282 2857 402 2916 nomino
420 2854 572 2916 Benedicti
581 2856 650 2915 xiii
663 2871 716 2932 pro
726 2856 921 2933 extirpatione
975 2861 1127 2922 Ecclesiae
1149 2864 1231 2919 statu
1253 2859 1424 2934 limicolis,
1447 2866 1479 2920 et
1501 2863 1653 2924 Glossario
1671 2866 1691 2921 in

198 2952 376 3012 schismatis
405 2955 436 3009 et
464 2951 573 3010 unione
601 2948 753 3009 Ecclesiae
770 2966 835 3026 pag.
854 2948 920 3010 470.
977 2960 1075 3014 totum
1092 2968 1166 3031 opus
1183 2952 1425 3012 Latino-barbaro
1444 2954 1623 3031 illustravit,
1634 2960 1693 3036 Lug·

198 3062 259 3105 una
275 3061 345 3104 oum
366 3047 479 3123 quarta
500 3039 637 3120 Epistola
658 3041 695 3101 aii
717 3042 843 3101 Panium
865 3043 923 3101 Lu·
978 3049 1051 3109 duni
1068 3049 1249 3127 Batavorum
1274 3046 1369 3118 iiis,
1390 3047 1415 3105 i.
1434 3046 1497 3106 lieo
1519 3047 1625 3109 dubito
1646 3051 1693 3110 iau-

196 3157 357 3201 canenscm
376 3137 454 3198 *hic
469 3144 518 3197 est
534 3137 644 3196 Paulus
671 3135 827 3196 Guinlsius
848 3141 922 3194 tunc
977 3141 1109 3202 dandum
1127 3140 1192 3217 ejus
1206 3157 1275 3199 esse
1296 3141 1450 3220 studium,
1467 3161 1532 3220 quo
1550 3146 1589 3206 de
1604 3146 1690 3207 Erote

198 3234 342 3311 temporis
359 3234 456 3292 Lucae
482 3229 623 3290 dominus
638 3246 667 3307 p.
686 3229 755 3289 486.
775 3242 835 3288 una
852 3245 920 3288 cum
977 3238 1105 3296 siasticis
1122 3236 1230 3295 litteris
1247 3235 1397 3314 praeclare
1416 3240 1552 3314 meruit,
1566 3238 1691 3300 iicetedi·

199 3326 483 3404 interrogationibus
500 3323 536 3382 ad
553 3322 730 3399 Gregorium
747 3323 812 3381 Xll.
979 3331 1089 3388 tionem
1099 3328 1177 3388 hanc
1187 3328 1450 3388 mendosissimum
1462 3339 1694 3410 assequerentur

239 3423 286 3481 iii.
299 3418 419 3498 Scripta
430 3415 579 3496 quaedum
590 3414 705 3475 nomine
714 3413 922 3499 universitatis
976 3423 1088 3483 Paulus
1112 3423 1298 3483 Columesius
1319 3424 1349 3481 in
1367 3423 1607 3502 paralipomenis
1622 3426 1655 3486 dc
1670 3426 1693 3485 S.

199 3511 405 3586 Purisieusis,
425 3511 574 3570 adversus
592 3509 729 3569 Schisma
744 3525 808 3587 pag.
825 3506 891 3568 487.
977 3517 1013 3577 Ε,
1029 3523 1059 3575 ei
1075 3515 1215 3576 laudatus
1231 3514 1371 3575 {paratius
1391 3522 1413 3574 4,
1438 3518 1459 3576 4,
1483 3519 1612 3581 Compar
1630 3521 1695 3581 000.

240 3605 286 3667 47.
305 3602 456 3684 Epistolae
474 3602 636 3663 CXXXVII.
652 3601 748 3660 editae
765 3618 782 3660 a
797 3598 889 3676 Lydio
905 3617 922 3659 o
978 3611 1154 3668 stantiensis
1170 3609 1304 3687 pariet,
1321 3625 1388 3687 pag.
1407 3610 1456 3669 82.
1474 3611 1507 3670 Si
1529 3631 1608 3674 nova
1625 3613 1696 3673 ador·

199 3700 384 3785 Bibliotheca
411 3696 555 3757 Theodori
571 3695 712 3772 Cauteri,
730 3693 813 3754 etad
831 3693 924 3752 histo-
978 3703 1076 3762 nanda
1090 3705 1129 3761 sit
1146 3702 1245 3776 editio,
1257 3702 1329 3762 haec
1346 3701 1388 3761 iiii
1403 3703 1582 3787 Clemangis
1600 3709 1696 3785 scripta

978 3794 1197 3875 adjungentur:

237 3914 262 3973 a)
281 3911 346 3962 Utile
372 3911 420 3963 hoc
445 3917 623 3973 argumentum
645 3916 745 3974 praeter
768 3908 929 3970 Clemangem
1019 3891 1067 3951 20.
1087 3887 1177 3950 44447
1190 3889 1225 3950 de
1240 3888 1337 3950 4404440
1357 3888 1556 3970 4400409404,
1585 3897 1612 3967 a}
1628 3896 1696 3955 leitil

196 3993 338 4039 tractarunt
358 3985 569 4036 Ouidiualll.1.
587 3983 928 4036 lbrlsslumrPtuturcbur
980 3984 1175 4064 dignissimus
1192 3983 1228 4044 gd
1251 3986 1396 4044 joannem
1425 3985 1463 4045 de
1491 3988 1696 4058 pedemomjg,

192 4064 279 4124 libro,
296 4075 347 4124 quo
373 4061 470 4112 dicium
488 4061 663 4123 xenophontis
682 4058 860 4110 illustrandum
879 4059 929 4107 sibl
980 4078 1184 4138 Baccaparium
1211 4078 1341 4154 scriptus
1367 4080 1446 4137 eima
1473 4078 1603 4143 Annum
1632 4080 1696 4142 ΗΟ,

194 4140 302 4196 sumsit,
319 4137 387 4198 quod
402 4139 502 4199 sapiens
515 4138 669 4186 etinimicis
687 4135 776 4183 debeat
794 4135 931 4185 utilitatem
1239 4171 1244 4183 .
1601 4179 1607 4189 ,

195 4224 286 4274 capere
297 4211 452 4261 :Maximus
467 4208 563 4273 Tyrius
579 4208 761 4258 dissertatione
774 4211 864 4257 mli.
877 4208 932 4256 144·-
982 4170 1190 4249 vnlgatusque
1201 4187 1331 4247 primum
1346 4185 1364 4230 ἃ
1380 4174 1462 4232 Luca
1475 4173 1627 4236 Dasshflm
1637 4185 1695 4235 4044·

195 4289 278 4337 dorus
298 4285 425 4336 pelusiota
442 4289 484 4335 iii.
502 4287 556 4334 aiio.
569 4283 646 4344 Epist.
664 4284 830 4346 Augustinus
847 4282 892 4331 iiii.
905 4280 928 4332 i.
983 4266 1054 4339 Vll,
1073 4264 1215 4342 spicilegii
1232 4281 1298 4342 pag.
1325 4265 1382 4324 438
1401 4267 1494 4340 (tom.
1521 4271 1553 4345 Ι,
1572 4269 1696 4330 editionis

193 4371 281 4412 eontra
291 4360 453 4411 academicos
464 4372 522 4421 cap.
536 4359 558 4409 i.
571 4359 699 4408 Bu'e'ttiiur
713 4359 744 4408 de
755 4358 930 4409 Consolatione
982 4374 1078 4417 novae
1094 4373 1161 4435 pag.
1182 4354 1238 4414 i73
1250 4356 1268 4430 ).
1295 4358 1515 4434 Fragmentum
1533 4360 1603 4440 ejus
1619 4359 1697 4423 addu

194 4437 373 4498 Philosophiae
393 4436 437 4484 lib·
453 4437 478 4484 ‘2-
495 4446 569 4497 iii⁰⁸³
585 4435 609 4482 ⁸·
628 4435 724 4481 Peiros
743 4432 884 4482 niciensis
898 4434 927 4486 ‘¹⁰
980 4457 1066 4511 xerat
1097 4448 1248 4527 Launojus
1274 4450 1347 4510 libro
1367 4450 1404 4511 de
1427 4457 1515 4515 varia
1540 4455 1696 4517 Aristotelis

195 4512 309 4562 utilitate
326 4511 522 4561 tribulationum
534 4514 595 4557 tom.
608 4511 689 4558 xxiv.
701 4508 870 4557 bibliothecae
880 4511 931 4554 Pa·
982 4545 1107 4604 fuiluiitt.

193 4592 262 4635 trum
278 4586 341 4636 edlt.
358 4585 517 4644 lugdunens.
538 4594 597 4644 pag.
616 4581 684 4631 iaia.
704 4590 728 4631 ei
745 4582 928 4634 recentioriBus
1137 4637 1142 4649 ,
1283 4636 1289 4647 ⁸

193 4663 375 4722 Hieronymus
407 4659 551 4709 Cardenus
577 4659 648 4708 libris
671 4661 710 4706 lli.
727 4658 758 4708 dc
775 4658 884 4708 utilitate
900 4670 930 4707 cx
1020 4639 1067 4699 44.
1082 4635 1234 4718 Epistulae
1245 4637 1694 4720 aliquotanieainediiae,quai

192 4738 305 4787 4444444444
318 4775 326 4796 ,
340 4743 403 4784 tom.
416 4737 445 4782 ll.
460 4737 578 4795 Operum.
591 4736 710 4795 Ruperur
721 4733 753 4780 444
769 4733 858 4794 Bursa
875 4734 930 4782 llu-

195 4813 272 4860 borio
284 4815 309 4859 ln
323 4810 388 4858 libro
402 4812 444 4859 cui
457 4807 564 4858 titulus:
578 4807 688 4869 l'Uropa
698 4809 745 4856 dar
758 4809 928 4867 4444444444,

195 4889 267 4936 Paris
286 4884 356 4934 4604.
381 4889 460 4932 amsi.
490 4882 571 4941 iiiiii,
589 4881 627 4932 ia.
644 4881 778 4930 Joliuouis
808 4882 930 4932 Christo·
1021 4880 1047 4940 a)
1066 4880 1155 4929 Conicr
1171 4893 1236 4942 quae
1261 4881 1292 4929 de
1319 4880 1360 4929 illo
1376 4891 1553 4946 argumento,
1570 4882 1693 4941 eleuauit

193 4960 276 5020 puori·
291 4958 442 5008 Becmuuru'
460 4959 634 5017 Exercitatio,
649 4954 807 5008 Francolortl
825 4957 856 5007 aii
874 4958 928 5005 vir·
975 4957 1088 5016 Epistola
1104 4958 1194 5005 cxiii.
1210 4958 1242 5004 aii
1259 4961 1382 5006 ioannem
1407 4956 1441 5006 444
1469 4961 1603 5024 4444444144,
1618 4963 1694 5010 tuot·

188 5035 262 5083 drum
281 5034 370 5083 edita:
386 5031 479 5094 felices
497 5031 620 5092 insuitur
636 5037 685 5082 etc.
976 5029 1068 5079 larium
1086 5034 1112 5080 in
1130 5031 1276 5094 theologia.
