3464 5318
637 328 995 393 FRANClSCUS

71 441 144 500 dum
166 441 321 499 Octaviani
350 441 450 514 Scoti,
481 457 528 498 an.
557 439 652 512 ttttt,
687 440 783 514 ibib,

71 532 341 609 t569.Composuit
357 534 480 609 insuper
498 549 574 610 opus
592 532 782 610 inscriptum:

111 624 290 699 Constatile,
307 624 335 684 id
352 633 418 698 est,
444 627 544 686 variae
571 626 783 697 Quaestionem,

68 721 104 780 de
118 716 371 792 distinctionibus,
388 716 604 797 relationibus,
621 717 714 797 siquis
732 735 785 776 na-

69 818 178 890 turae,
196 819 226 872 et
241 811 488 894 formalitatibus.

107 905 188 966 Mille
209 906 385 985 quinpentas
413 906 600 985 quaestiones
623 905 659 966 de
686 906 784 967 uariis

841 439 984 519 Episcopo
993 436 1032 497 ab
1043 437 1127 496 Auno
1143 438 1229 498 tsts.
1244 438 1419 501 pistoriensi
1434 446 1464 500 et
1475 443 1558 503 Nun·

839 533 884 592 cio
900 530 1064 610 Apostolico
1091 529 1133 591 ad
1157 529 1314 591 Helvetios.
1340 534 1558 613 Arpumenlum

841 632 884 687 est
900 626 936 685 de
952 622 1117 685 virtutibus
1135 629 1163 683 el
1180 622 1216 683 de
1242 624 1356 704 triplici
1381 626 1556 708 Theolopia,

840 721 1016 800 conjuncto,
1034 717 1166 779 discreta
1185 723 1214 777 el
1229 717 1336 792 mimia,
1355 719 1391 779 de
1409 720 1557 800 interpre-

840 814 947 873 tatione
958 811 1190 891 Scripturarum
1199 816 1374 872 sanctarum
1388 819 1493 875 contra
1505 833 1557 874 va-

838 924 891 967 nos
903 906 1036 967 ariolos:
1054 925 1069 965 e
1085 904 1195 985 quibus
1210 905 1487 983 arpuilnonuullos,
1505 911 1561 987 qui

67 1000 139 1061 locis
152 999 459 1078 Sacraescriplurae
473 1004 503 1059 et
518 998 617 1061 dubiis
639 999 783 1078 Theolopi-
830 998 1031 1081 jactitabant,
1048 999 1130 1058 Anno
1148 999 1295 1059 huntur
1310 1000 1445 1059 MDh'h'X.
1474 1000 1558 1060 Anh-

67 1096 119 1155 cis.
135 1096 304 1171 Incipiunt:
326 1096 430 1153 Utrum
449 1093 596 1155 CHristus
621 1093 783 1154 secundnm

65 1194 209 1247 naturam
226 1185 397 1247 humanam.

107 1281 359 1359 Interropationes
388 1281 472 1341 circa
502 1280 632 1353 carias,
653 1272 784 1361 difficile-

65 1391 141 1453 sque
160 1374 316 1434 materias.
336 1377 500 1452 incipiunt:
521 1373 602 1434 Licet
617 1371 783 1454 multipro-

66 1467 215 1528 botissimi
225 1469 296 1528 oiri.
313 1471 483 1547 Utrumque
500 1468 555 1527 hoc
573 1483 649 1546 opus
669 1466 783 1543 haheo,

66 1563 165 1640 inquit
176 1563 373 1641 Waddingus,
390 1562 468 1640 apud
480 1579 528 1622 me
546 1561 784 1637 manuscriptum

68 1660 97 1714 in
113 1672 173 1715 uno
189 1655 353 1729 volumine,
368 1654 446 1732 quod
465 1657 510 1714 Fr.
528 1654 704 1713 Franciscus
715 1656 784 1712 Fer-

66 1749 209 1808 rariensis
228 1750 257 1807 in
276 1765 330 1809 sua
347 1749 443 1826 patria
459 1747 678 1824 exscripsitan.
694 1747 781 1807 libb.

104 1842 261 1902 Sermones
277 1840 313 1900 de
327 1840 466 1916 Sanctis,
485 1857 561 1918 quos
579 1841 671 1900 etiam
689 1839 781 1900 habeo

66 1937 306 2012 manuscriptos,
327 1937 472 2012 incipiunt
489 1951 506 1993 a
528 1934 604 1992 lesto
620 1934 649 1993 S.
667 1931 783 1993 Aisdre-

64 2046 118 2105 ae,
136 2034 167 2088 et
184 2029 221 2089 ab
244 2029 301 2087 illis
329 2028 449 2100 verbis,
477 2024 642 2086 Ambulans
666 2027 783 2088 JESUS

55 2123 157 2201 juon
172 2139 267 2182 mare.
280 2120 458 2181 Prodierunt
478 2120 616 2179 ¹Venetiis
643 2121 728 2181 ltus.
751 2128 782 2180 et

65 2218 202 2278 Basileon
222 2214 311 2277 ttstt.
767 2284 768 2287 Ἴ

103 2311 228 2370 *Juvat
256 2309 302 2368 hic
319 2309 540 2369 adnotationem
559 2307 711 2385 quandam
734 2326 779 2366 re-

60 2406 138 2464 ferre
168 2420 257 2480 quam
286 2404 356 2462 olim
383 2420 437 2479 ego
461 2402 519 2480 legi
538 2404 567 2460 in
585 2403 645 2462 MS.
668 2399 777 2463 Codice

59 2499 288 2559 membranaceo
305 2496 684 2588 Biblioth3h1alatestarum
707 2496 780 2555 Cae-

59 2608 160 2652 senae.
179 2590 316 2667 Scriptus
334 2595 382 2648 est
400 2587 500 2648 Codex
519 2589 601 2648 Saec.
618 2589 697 2648 xlv.
713 2587 779 2646 Eoo-

54 2683 143 2764 plicit
159 2682 276 2743 lectrum
292 2683 326 2741 F.
348 2681 507 2740 Francisci
530 2681 565 2740 de
586 2681 722 2741 Mairono
743 2680 778 2740 de

59 2777 222 2839 Provincia
251 2774 429 2853 provinciae
461 2780 616 2854 reportata
650 2771 707 2835 sub
745 2792 777 2833 eo

58 2871 190 2933 Parisns
207 2889 257 2933 an.
279 2871 367 2931 tseu.
385 2871 574 2946 Quamquam
600 2869 647 2928 hic
669 2868 798 2934 dicitur,

58 2964 95 3026 de
108 2962 269 3044 provincia
286 2962 477 3042 provinciae,
495 2963 578 3022 locus
598 2968 698 3020 tamen
721 2962 777 3018 isto

56 3065 123 3117 orat
140 3058 215 3117 lorte
231 3057 424 3134 professionis
443 3057 634 3113 monasticae.
661 3054 694 3111 ln
716 3052 777 3111 edi-

57 3156 138 3211 tione
155 3152 268 3211 Veneta
294 3148 351 3211 hu.
377 3149 454 3209 ttss
486 3154 605 3225 praeter
622 3162 776 3206 sermones

56 3246 95 3304 de
103 3246 222 3304 Sanctis
233 3251 306 3303 sunt
320 3245 409 3302 etiarn
426 3248 573 3301 tractatus
585 3258 676 3319 super
687 3242 777 3299 Pater

57 3343 158 3398 noster
174 3330 225 3396 'de
248 3335 444 3415 poenitentia,
471 3334 507 3394 cle
534 3332 674 3393 articulis
688 3332 760 3412 fidei
769 3351 788 3407 3.

55 3429 203 3510 expositio
221 3431 251 3490 in
267 3429 457 3508 Mapnificot,·
483 3429 643 3487 Tractatus
659 3425 694 3486 ele
713 3435 778 3486 cor*

53 3543 129 3605 porc
146 3523 270 3599 Christi}
298 3523 334 3584 de
361 3529 471 3601 septem
490 3521 575 3581 donis
593 3520 724 3600 Spiritus
746 3522 775 3581 S.

57 3637 93 3678 aa
123 3618 253 3695 denique
280 3635 371 3696 super
395 3616 506 3677 missus
531 3621 583 3675 est.
601 3616 698 3686 Quare
720 3614 771 3673 ho-

58 3730 127 3773 rum
143 3719 325 3774 tractatuum
340 3711 429 3770 editio
442 3709 595 3787 praecedit
610 3710 778 3769 Basileaen-

59 3824 125 3866 sem
144 3824 191 3885 an,
210 3807 296 3867 ttss.
315 3822 405 3882 quam
423 3805 517 3864 veluti
535 3806 663 3881 primam
680 3803 778 3862 Fabri·
802 3856 804 3862 .

58 3902 126 3960 cius
143 3905 367 3959 commemorat.

101 3991 379 4053 FRANClSCUSde
390 3990 501 4066 Mileto,
519 3992 706 4050 Florentinus
721 3989 778 4048 suh

60 4087 174 4147 saeculi
202 4086 279 4146 xvi.
306 4087 408 4161 initia,
435 4084 525 4162 cujus
542 4086 723 4143 sententiam
741 4083 777 4142 de

18 4238 21 4244 .
59 4179 243 4241 Antichristo
258 4180 441 4238 confutatam
460 4195 476 4237 a
495 4178 582 4238 Paulo
600 4175 779 4236 cuthuul-

57 4276 130 4350 ΝΟ,
152 4276 271 4332 Monaco
291 4271 539 4347 Camaldulensi,
568 4279 715 4332 memorat
729 4273 778 4329 lo-

58 4370 177 4426 hannes
192 4365 379 4426 Mabillanius
408 4366 436 4422 in
460 4365 571 4423 itinere
593 4365 694 4423 Italico
711 4381 776 4440 pag.

838 1095 982 1155 christum
995 1111 1060 1154 esse
1070 1092 1330 1174 praedicaturum,
1348 1099 1377 1153 et
1391 1093 1556 1157 Ecclesiam

840 1187 1021 1252 Catholieam
1040 1188 1159 1266 penitus
1187 1187 1455 1266 exstinquendam:
1485 1207 1557 1269 quo·

837 1300 907 1341 rum
921 1281 1067 1341 hominum
1083 1278 1276 1359 probationes
1292 1281 1474 1343 vanissimas
1491 1300 1556 1344 csse

837 1376 1029 1436 demonstrat.
1059 1373 1130 1450 Apis
1161 1392 1234 1433 vero
1260 1376 1423 1456 praecipue
1451 1383 1556 1436 contra

838 1466 985 1548 putridam
996 1465 1184 1544 Astrolopum
1199 1467 1436 1544 Cremonensem,
1451 1475 1479 1528 et
1488 1485 1556 1529 con

839 1567 889 1621 tra
905 1558 998 1619 olium
1012 1559 1238 1634 Florentinum,
1255 1561 1310 1639 qui
1322 1565 1501 1623 Franciscus
1517 1563 1555 1623 de

838 1657 936 1716 Mileto
951 1651 1119 1713 uocabatur
1131 1698 1138 1727 ,
1151 1652 1282 1732 duosque
1295 1656 1475 1735 praecipuos
1487 1675 1555 1717 con-

837 1747 959 1826 scripsit
975 1745 1068 1807 libros
1083 1764 1237 1825 „quorum
1254 1747 1346 1808 alteri
1358 1752 1553 1823 Convivium,

837 1841 928 1901 alteri
937 1842 1126 1912 Ouatrivium
1137 1840 1236 1901 titulos
1246 1841 1334 1901 dedit.
1346 1845 1554 1904 Porroauctor

836 1937 867 1995 in
883 1953 915 1995 eo
929 1933 1087 2015 refutando
1113 1934 1158 1993 ait
1177 1951 1207 1994 se
1229 1933 1443 2013 Theologorum
1474 1939 1556 1997 Pari-

836 2032 982 2091 siensium
1000 2045 1092 2101 mare,
1105 2026 1204 2088 decem
1215 2028 1469 2108 ejusarpumenta
1483 2049 1554 2110 pro-

835 2114 938 2203 fe'rre3
960 2140 996 2181 oc
1013 2127 1118 2202 postea
1146 2121 1265 2181 totidem
1284 2120 1426 2200 repulus,
1443 2121 1552 2202 quibus
1600 2121 1608 2144 ¹

836 2215 930 2278 Mileti
943 2221 1122 2295 urpumenta
1136 2214 1319 2295 refutantur.

876 2312 891 2345 ³*
918 2313 960 2372 De
990 2311 1045 2369 hoc
1072 2312 1135 2369 viro
1163 2307 1252 2384 juvat
1282 2327 1316 2368 ca
1351 2311 1552 2370 transcribere

834 2422 911 2482 quae
929 2405 986 2482 legi
1002 2405 1030 2461 in
1050 2403 1169 2480 Synodo
1192 2403 1363 2461 Florentina
1377 2405 1449 2461 anni
1465 2403 1551 2464 t5t7.

834 2502 880 2558 cui
897 2515 951 2575 ego
973 2499 1002 2556 in
1024 2514 1091 2556 meo
1113 2494 1313 2556 Consiliorum
1336 2496 1551 2574 Supptemento

834 2599 915 2650 tomo
942 2592 975 2649 V.
1000 2590 1066 2650 tut.
1096 2590 1192 2648 locum
1222 2590 1384 2667 assignavi.
1413 2591 1457 2649 lta
1480 2607 1553 2651 vero

834 2687 871 2745 ihi
888 2688 916 2744 in
929 2686 1018 2745 Ruhr.
1035 2685 1076 2743 De
1093 2682 1248 2758 diopistrls
1272 2688 1330 2741 etc.
1348 2700 1413 2760 cap.
1429 2685 1456 2744 l.
1472 2684 1551 2743 Prae

832 2776 970 2839 manibus
994 2783 1064 2839 sunl
1083 2774 1243 2836 Francisci
1253 2774 1348 2836 Mileti
1366 2793 1476 2856 opera,
1499 2777 1551 2856 qui

833 2890 899 2932 urm
917 2871 1014 2933 laicus
1029 2871 1083 2946 sit,
1098 2875 1127 2930 et
1142 2869 1263 2949 quidem
1279 2869 1387 2944 idiota,
1416 2875 1451 2929 ut
1476 2870 1553 2930 oidi-

830 2966 885 3025 stis
909 2983 1026 3036 ornnes,
1045 2981 1139 3025 ausus
1158 2970 1203 3024 est
1220 2964 1350 3041 importes
1371 2964 1550 3043 Scripturas

832 3058 986 3118 thesauros
1005 3063 1151 3133 euertere,
1170 3063 1258 3136 alque
1284 3073 1398 3115 omnem
1423 3056 1552 3117 Catholi-

831 3168 935 3209 corum
952 3149 1157 3228 eapositorum
1169 3165 1288 3208 sensum
1306 3145 1487 3208 conturbare
1499 3167 1550 3207 no-

831 3260 886 3304 vos
897 3241 957 3303 sibi
966 3248 994 3303 et
1004 3241 1155 3302 inauditas
1166 3239 1367 3302 conclusiones
1378 3240 1544 3321 formando.

831 3339 871 3397 Et
892 3354 956 3414 cap.
976 3337 1027 3396 tx.
1050 3336 1149 3416 Opera
1165 3333 1314 3414 quaedam
1330 3338 1481 3396 Francisci
1497 3340 1549 3397 hli-

833 3433 882 3492 leti
902 3432 1054 3504 Convivii,
1073 3437 1104 3489 et
1126 3429 1281 3501 Quadrivii
1298 3435 1329 3488 et
1347 3431 1548 3507 expositiones

832 3526 1020 3585 Psalmorum
1043 3525 1151 3585 titulus
1173 3529 1348 3602 praenotat,
1379 3540 1456 3601 quae
1488 3523 1550 3602 ple-

832 3635 941 3695 rosque
976 3617 1032 3678 sub
1062 3616 1153 3677 huius
1175 3617 1358 3694 praemissao
1386 3617 1550 3694 amplitica-

831 3713 919 3784 tioni,
938 3714 1047 3788 pietate
1066 3712 1095 3768 in
1116 3727 1268 3783 errorem,
1290 3716 1382 3787 atque
1407 3710 1548 3771 hereseos

832 3816 862 3865 et
880 3805 1043 3865 schismata
1058 3803 1148 3885 facile
1162 3803 1303 3864 inducere
1312 3809 1446 3884 possent,
1460 3806 1545 3866 velut

824 3912 987 3956 'venenosa
1008 3902 1039 3954 et
1060 3897 1148 3972 impia
1166 3900 1197 3954 et
1214 3896 1242 3952 in
1260 3894 1411 3971 plerisque
1429 3895 1550 3954 conclu-

832 3989 968 4048 sionibus
990 3987 1160 4048 Catholicae
1183 3987 1302 4045 veritati
1318 3987 1447 4062 inimica,
1469 4004 1549 4046 erro-

833 4078 1549 4159 nea,temeraria,praesumptuosacondennavit‚

832 4183 862 4234 et
890 4180 1029 4251 suspecta
1058 4171 1199 4247 reddidit,
1223 4171 1334 4232 nedum
1366 4172 1414 4232 illa
1436 4172 1489 4233 sed
1517 4181 1548 4234 et

831 4270 930 4327 omnia
960 4285 1015 4327 sua
1045 4267 1101 4326 alia
1128 4283 1216 4344 opera
1244 4267 1390 4344 impressa
1421 4275 1452 4328 et
1488 4286 1546 4328 non
1584 4307 1586 4310 -

832 4365 986 4439 impressa,
1004 4360 1098 4418 donec
1112 4360 1222 4420 luerint
1234 4376 1287 4436 per
1302 4359 1411 4420 Sedent
1421 4359 1549 4439 Aposto-

60 4460 129 4519 170.
146 4459 261 4518 Exstat
277 4457 307 4516 in
326 4453 471 4518 Coenobio
493 4454 674 4535 Ampelorum
697 4453 780 4535 apud
832 4457 918 4514 licam
951 4454 1126 4532 approbata,
1158 4451 1375 4530 mandavitque
1407 4454 1547 4515 omnibus

59 4551 262 4626 Florentiam,
281 4548 433 4610 Ambrosii
447 4549 512 4609 oiri
527 4549 728 4611 eruditissimi
751 4552 779 4607 et
833 4551 862 4608 in
891 4555 953 4607 tota
979 4547 1150 4607 Florentino
1181 4547 1333 4625 provincia
1361 4563 1548 4609 commoran-

58 4647 191 4707 aliorum
209 4642 483 4706 Comalrlulensium
501 4645 628 4702 Patrum
639 4642 778 4719 insipnio-
832 4643 913 4703 tibus
933 4648 967 4701 ut
984 4656 1192 4718 quaecumque
1204 4647 1234 4698 et
1247 4647 1453 4719 quotcumque
1472 4660 1548 4720 qua·

34 4729 36 4732 ’
57 4759 132 4803 rum
143 4755 260 4801 secessu
287 4737 402 4798 illustri
424 4735 510 4796 aliud
534 4753 607 4816 opas
624 4737 705 4796 Pauli
723 4738 778 4796 Or·
832 4735 1000 4810 liacumque
1022 4751 1059 4792 ex
1082 4733 1243 4809 praedictis
1264 4735 1404 4811 operibus
1420 4734 1547 4810 habeut,

58 4836 192 4910 landini,
210 4831 348 4894 blotiacbi
361 4830 493 4910 ejusdem
511 4828 670 4906 Coenobii,
687 4837 713 4890 et
724 4847 778 4908 po·
830 4828 967 4887 delerant
979 4826 1026 4885 vel
1038 4826 1074 4885 ad
1087 4827 1235 4886 vicarium
1251 4825 1310 4885 ltu.
1323 4825 1545 4909 Archiepiseopi

57 4939 124 4992 stra
143 4927 264 4989 Ordinis
288 4925 454 5006 praepositi
473 4923 644 5003 pencralis,
666 4924 776 4984 dictum
831 4923 1007 4993 Florem-ini,
1033 4920 1081 4977 vel
1114 4918 1150 4978 ad
1184 4919 1386 4998 presidentem
1418 4924 1546 5003 Capituli

60 5026 269 5104 llrptaticum,
296 5020 470 5099 inscriptum
495 5019 619 5079 suoru
649 5020 774 5089 l’uccro',
831 5016 982 5076 Ecclesiae
1004 5014 1194 5073 Florentinae
1214 5014 1268 5073 uel
1286 5013 1569 5074 adh-haeresse&

1179 5134 1227 5192 'ih
