3458 5332
139 489 260 554 quoque
283 471 470 542 versionem,
488 468 658 548 elegantem
676 474 776 538 certe,
793 468 858 527 loca

140 566 282 627 nonnulla
300 562 417 622 Arriani
439 564 551 622 rectius
569 578 660 640 quam
678 561 856 623 Vulcanium

139 661 326 762 expressisse
344 656 460 714 notavit
448 655 604 716 lacobus
616 655 804 730 Gronovius
826 657 856 713 in

138 753 225 830 cujus
254 751 400 823 Arriano,
429 750 564 810 Vulcanii
597 750 697 810 versio
728 748 855 810 subinde

136 846 297 907 emendata
314 845 483 905 exhibetur.

176 941 219 1000 De
237 937 309 999 dello
330 941 433 1000 Veneto
461 935 603 1000 Clodiano
624 955 693 999 cum
714 938 855 999 600000-

137 1036 220 1095 sibus
235 1040 320 1112 gesto
333 1032 390 1093 An.
409 1032 496 1094 4377.
523 1030 614 1109 Lugd.
634 1032 711 1093 4568
729 1031 807 1093 4578
824 1031 853 1090 8.

136 1137 167 1188 rt
183 1131 211 1187 in
241 1128 384 1188 thesauro
413 1127 515 1187 ltaliae
539 1127 764 1186 Burmanniano
780 1131 873 1198 tom„

138 1225 171 1283 V.
189 1229 274 1300 parte
293 1222 320 1280 4.

145 1355 148 1359 ι
177 1317 219 1376 De
234 1311 326 1375 rebus
340 1314 432 1393 gestis
448 1311 488 1374 ab
514 1311 663 1393 Alphonso
678 1313 703 1371 4.
720 1313 853 1391 Neapoli-

135 1418 206 1470 tano
221 1412 302 1487 Rege
319 1425 416 1486 usque
433 1407 471 1468 ad
489 1407 604 1468 obitum
622 1405 732 1475 Nicolai
747 1408 781 1466 V.
800 1409 853 1466 Pa-

135 1522 189 1582 pae
218 1503 275 1563 hn.
302 1501 388 1563 rtss.
415 1499 698 1560 commentariorum
723 1497 797 1559 libri
818 1500 850 1561 Χ.

134 1596 205 1655 editi
223 1614 239 1673 a
254 1597 300 1655 lo.
327 1594 468 1654 4440440440
487 1597 579 1663 60040
606 1592 698 1671 Lugd.
717 1594 804 1655 4566.
824 1595 851 1653 4.

136 1691 295 1765 recusique
306 1688 363 1746 hu.
377 1687 464 1749 ⁴562.
479 1689 566 1748 4566.
579 1695 609 1746 04
620 1705 690 1748 cum
701 1688 853 1748 Guicciar-

135 1781 205 1839 dino
220 1798 273 1859 per
291 1781 426 1842 Coelium
444 1780 614 1841 secundum
626 1782 787 1842 Curionem
800 1783 855 1841 La·

134 1876 196 1933 tine
214 1891 321 1951 verso,
338 1875 471 1936 Basileae
498 1876 585 1937 4566.
610 1875 657 1935 iol.
675 1883 707 1935 et
724 1877 754 1935 in
771 1881 852 1935 tomo

134 1985 211 2028 nono
232 1968 345 2029 laudati
362 1968 494 2030 thesauri
513 1978 597 2047 parte
614 1973 701 2030 tertia
716 1975 786 2030 ante
806 1971 850 2029 Jo.

131 2063 249 2122 loviani
283 2064 406 2122 Pontani
433 2063 587 2124 historiam
616 2062 852 2140 Neapolitanam.

132 2157 254 2234 Septem
266 2157 379 2234 priores
397 2156 461 2218 libri
474 2158 564 2216 etiam
579 2172 597 2215 a
612 2157 769 2217 Francisco
783 2155 851 2216 Phi-

132 2249 237 2328 4000οο
252 2249 324 2310 06444
338 2252 477 2311 Mantuae
493 2251 581 2311 4563.
594 2251 621 2310 4.
634 2258 668 2310 04
679 2253 848 2310 versionem

132 2344 265 2405 Italicam
280 2345 423 2404 librorum
447 2343 586 2404 decema
610 2345 719 2405 lacobo
747 2347 850 2406 440000

130 2437 235 2497 Venet.
248 2437 347 2496 Gioliti
368 2439 497 2498 isset
517 2445 713 2515 praeteream.
738 2438 849 2499 Confer

130 2533 191 2591 lac.
214 2530 362 2591 Gaddium
381 2531 418 2590 de
440 2533 638 2610 scriptoribus
659 2549 718 2592 non
744 2532 848 2593 Eccle-

130 2625 261 2684 siasticis
285 2630 307 2681 t.
324 2626 334 2684 4
355 2642 409 2703 ,0.
428 2627 496 2686 483.
514 2642 576 2704 seq.
593 2627 727 2686 Diarium
748 2626 848 2687 erudi-

130 2726 229 2777 torum
259 2718 361 2778 ltaliae
387 2724 458 2778 tom.
476 2720 537 2794 Xl,
554 2737 621 2798 pag.
639 2720 707 2780 496.
724 2725 755 2779 04
782 2720 847 2779 4440

4 2828 15 2849 ⁰
129 2814 228 2870 serani
247 2814 407 2872 memorias
422 2814 559 2873 Virorum
579 2814 762 2882 illustrium,
777 2813 846 2872 Gal·

128 2904 184 2964 lice
201 2904 297 2965 editas
316 2911 387 2965 tom.
406 2908 498 2978 44444,
515 2923 580 2985 pag.
597 2907 665 2969 336.

168 2997 303 3059 Historia
317 3014 442 3060 suonnn
460 3006 634 3080 temporum.
649 3000 736 3060 Basil.
756 3000 843 3062 4577.

126 3095 154 3152 8.
173 3094 268 3154 tribus
286 3095 348 3159 Vol.
367 3096 396 3153 in
414 3094 595 3155 Bibliotheca
613 3094 841 3169 Barberiniana,

127 3172 186 3247 non
211 3187 367 3248 diversum
386 3194 419 3248 ut
447 3187 568 3248 videtur
591 3188 629 3248 ab
645 3204 734 3266 opere
756 3204 844 3267 supe-

127 3298 213 3342 nore.

48 3444 54 3457 ο
165 3375 373 3437 Historiarum
385 3381 414 3435 et
428 3375 646 3437 Chronicorurn
663 3375 768 3437 dlundi
782 3377 843 3456 epi-

42 3532 45 3539 ,
126 3472 200 3527 tonte
216 3471 323 3530 Venet.
339 3470 427 3529 4533.
447 3472 475 3529 8.

165 3561 211 3621 Ad
239 3563 379 3623 Carolum
407 3564 636 3637 Ventimilium,
665 3563 701 3624 de
729 3564 843 3643 orr'prne

124 3651 194 3713 belli
209 3655 284 3714 inter
302 3654 403 3716 Gallos
420 3662 451 3716 et
466 3656 627 3717 Britannos
642 3659 667 3733 a)
683 3659 739 3718 An.
753 3660 840 3720 4445.

123 3749 241 3808 Primus
259 3747 351 3808 edidit
368 3751 719 3830 FranciscusDionysius
733 3754 842 3815 Camu-

122 3841 841 3927 satusadditionibusadBibliothecamhlphonsi

121 3934 271 3995 ciacconii
293 3952 360 4012 pag.
378 3938 446 3997 883.
464 3939 592 4016 incipit:
614 3939 699 4016 Quod
723 3958 769 4001 me
793 3960 842 4003 ro-

118 4027 200 4106 gasti
212 4072 218 4102 ,
237 4025 351 4088 Carole
363 4045 530 4108 generose..

161 4120 294 4202 Depoitue
305 4120 448 4202 felicitate
459 4143 496 4185 ac
506 4127 699 4204 praestantia
715 4116 841 4190 bominis

44 4240 46 4245 >
120 4230 174 4275 seu
191 4214 228 4277 de
242 4215 354 4276 summi
369 4215 439 4278 dorii
452 4218 595 4300 fruitione
606 4223 747 4302 Dialogus
761 4225 840 4284 inter

119 4309 840 4389 AntoniumPanormitam,GuarinumVeronen·

119 4419 184 4464 sem
201 4410 232 4463 et
249 4405 394 4464 loannem
413 4409 565 4468 Lamolam
583 4409 620 4468 ad
649 4409 837 4488 hlpbonsum

117 4497 239 4576 Regem.
257 4497 414 4577 hntwerp.
435 4502 522 4561 4556.
545 4502 574 4561 8.
595 4509 625 4562 04
646 4519 715 4565 cum
744 4503 838 4563 Felini

119 4591 246 4652 Sandaei
260 4591 298 4652 de
314 4594 446 4671 Regibus
462 4595 579 4656 Siciliae
589 4602 620 4656 et
634 4596 758 4674 Apuliae
775 4599 837 4676 epi-

119 4691 221 4757 tome,
239 4685 349 4746 edente
367 4688 515 4764 Frehero,
534 4691 683 4750 llanoviae
701 4692 789 4752 4644.
808 4693 834 4750 4.

723 355 971 418 vnctus

913 465 1004 526 alium
1023 464 1059 525 de
1075 464 1253 543 differentiis
1265 462 1434 526 00600040
1450 466 1618 543 4044οο000,

912 574 988 637 quos
1004 559 1033 617 in
1048 559 1131 619 nint·
1141 561 1229 638 Regis
1240 559 1497 623 christianissimi
1511 570 1616 623 exstare

912 657 1042 713 testatus
1055 659 1104 712 est
1120 653 1258 713 Labbeus
1274 670 1343 733 pag
1361 654 1423 715 343
1436 656 1547 717 04336.
1555 657 1616 718 sut.

909 748 991 808 MSS.
1018 763 1107 806 nemo
1131 745 1254 807 adbuc
1248 765 1277 806 in
1295 748 1397 808 lucem
1415 749 1557 827 protulit:
1573 768 1616 813 nec

910 842 1019 903 librum
1037 839 1073 901 de
1088 840 1167 902 uiris
1182 841 1233 902 sui
1245 841 1316 903 oevi
1330 839 1523 919 illustribus,
1540 862 1614 923 quen

908 936 1061 1016 Alphonso
1083 938 1155 1013 Regi
1182 934 1341 996 dedicasse
1362 942 1396 995 et
1421 937 1577 999 tradidisse
1591 955 1615 998 se

907 1038 1037 1091 testatur
1052 1032 1159 1091 Facias
1169 1030 1304 1110 Epistola
1320 1031 1348 1106 04
1368 1030 1408 1091 06
1423 1031 1546 1094 AEneam
1560 1034 1616 1111 Syl

908 1127 991 1185 vium
1006 1168 1014 1198 ,
1029 1125 1081 1202 qui
1098 1125 1184 1184 Facio
1198 1123 1278 1201 quod
1292 1123 1396 1185 locum
1413 1125 1473 1185 sibi
1488 1127 1517 1186 in
1528 1143 1563 1186 eo
1574 1126 1615 1187 do

908 1217 1003 1293 derit,
1021 1219 1132 1296 gratias
1149 1219 1211 1296 agit
1237 1218 1374 1297 Epistola
1391 1219 1464 1280 354.
1482 1221 1530 1281 ubi
1549 1237 1613 1282 seru

908 1327 961 1389 per
975 1309 1098 1370 4004400
1114 1328 1168 1390 000
1185 1312 1271 1372 Facio
1284 1309 1408 1373 dicitur.
1418 1313 1521 1375 4404004
1535 1316 1610 1375 04400

908 1406 1034 1484 Poggius
1052 1406 1204 1465 invectiva
1218 1403 1354 1467 secunda
1371 1407 1401 1464 in
1418 1407 1549 1483 Vallum,
1565 1424 1612 1468 nra

906 1516 1000 1577 gnum
1018 1499 1165 1560 Volumen
1187 1504 1371 1560 contextum
1397 1517 1417 1560 a
1444 1503 1546 1575 Facio,
1565 1518 1610 1581 quo

908 1597 1064 1652 notaverat
1080 1609 1203 1653 errores
1231 1590 1333 1655 4404400
1357 1608 1436 1672 quos
1453 1594 1485 1655 in
1504 1594 1609 1656 hittun

906 1684 942 1746 de
965 1685 1058 1765 pestis
1081 1685 1169 1765 Regis
1198 1685 1378 1764 drogonum
1405 1690 1493 1750 visus
1515 1691 1552 1750 illi
1572 1697 1607 1750 est

906 1780 1108 1840 commisisse:
1126 1781 1183 1841 Alii
1208 1778 1244 1841 de
1261 1781 1488 1843 unnrortulitote
1505 1800 1604 1842 00040

907 1874 1016 1936 librum
1028 1877 1105 1935 Facii
1120 1882 1224 1935 contra
1235 1875 1353 1936 Vallam
1365 1885 1534 1937 memorant
1543 1876 1601 1955 404-

905 1965 999 2028 stobe
1016 1968 1163 2046 quaedam
1180 1967 1318 2047 ejusdem
1335 1970 1479 2050 leguntur
1492 1977 1523 2032 ut
1536 1973 1598 2030 inter

905 2063 1019 2122 AEneae
1045 2062 1140 2140 Sylvii
1169 2063 1211 2127 ita
1237 2068 1317 2123 inter
1334 2065 1489 2142 Epistolas
1503 2062 1598 2126 4040044

904 2156 1090 2216 Panormitae
1105 2196 1119 2232 ,-
1129 2154 1226 2216 editas
1243 2157 1353 2218 Venet.
1374 2159 1455 2220 4553
1472 2159 1497 2218 4.

945 2250 1097 2310 Laurentii
1107 2250 1208 2310 Vallae
1221 2251 1451 2314 invectivarum
1467 2270 1518 2314 seu
1530 2253 1598 2312 recri-

904 2343 1105 2403 minationum
1123 2345 1152 2403 in
1170 2343 1437 2407 Bartholomaeum
1454 2348 1565 2408 Faciun
1575 2352 1598 2405 et

902 2434 1067 2496 Antonium
1090 2438 1292 2498 Panormitam
1318 2438 1387 2499 libri
1416 2448 1539 2518 quatuor
1559 2456 1597 2500 er·

892 2535 985 2607 ,stant
1000 2529 1028 2589 40
1047 2529 1149 2590 Vallae
1165 2531 1307 2608 operibus
1322 2549 1393 2610 pag.
1412 2534 1481 2594 466.

942 2622 1184 2685 Commentarius
1201 2626 1232 2684 in
1249 2627 1399 2703 Persium,
1415 2644 1504 2705 quem
1520 2622 1604 2707 Oldoi'

900 2732 958 2776 nus
978 2724 1079 2777 nostro
1091 2735 1159 2797 pag
1176 2719 1225 2780 92.
1243 2719 1391 2783 Athenaei
1410 2723 1562 2801 Ligustici,
1573 2726 1596 2777 et

899 2827 936 2870 ex
954 2827 988 2870 00
1015 2812 1143 2872 lexicon
1173 2813 1381 2892 eruditorum,
1406 2819 1527 2879 tertium
1546 2815 1594 2894 jan

900 2905 1015 2982 Lipsiae
1032 2905 1147 2967 editum
1169 2908 1294 2982 tribuit,
1312 2926 1374 2970 non
1399 2907 1594 2971 Bartholomaei

899 2999 978 3058 Facii
992 3007 1060 3077 est,
1084 3001 1138 3062 sed
1166 3000 1391 3065 Bartholornoei
1411 3005 1550 3078 FONFll,
1566 3001 1593 3062 de

898 3109 958 3170 quo
983 3094 1067 3154 intra.
1093 3097 1168 3156 Puto
1194 3097 1286 3157 etiam
1314 3106 1522 3160 commentum
1542 3111 1593 3157 esst

897 3186 977 3264 quod
999 3185 1136 3250 elenchus
1162 3189 1345 3269 scriptorum
1374 3191 1507 3253 00404004
1527 3191 1593 3251 Facio

897 3279 976 3359 apud
993 3280 1153 3343 Oldoinum
1172 3283 1370 3361 adscribitur,
1385 3288 1439 3365 qui
1457 3289 1486 3346 in
1508 3286 1594 3346 tenco

897 3375 946 3434 illo
963 3382 1046 3436 recte
1062 3384 1111 3437 est
1126 3381 1266 3445 omissus.
1372 3431 1376 3439 ,

926 3466 1056 3547 *Operis
1072 3469 1170 3531 adhuc
1183 3471 1285 3531 inediti
1299 3470 1336 3532 de
1352 3473 1432 3536 uiris
1446 3468 1594 3536 4440404444

895 3578 963 3622 aare
973 3563 1170 3625 sntttscod.
1183 3573 1287 3626 entare
1303 3568 1385 3646 apud
1403 3570 1552 3632 eruditum
1561 3567 1595 3624 vi·

895 3673 963 3716 rum
982 3659 1012 3716 P.
1027 3657 1224 3721 Benedictum
1240 3660 1456 3725 Bandinellum
1470 3660 1595 3725 Senensis

895 3751 1159 3813 Benedictinorum
1186 3755 1318 3815 coenobii
1338 3760 1540 3838 praepositam
1553 3801 1559 3829 ,
1572 3760 1596 3813 04

896 3846 1096 3922 antiquiorem
1124 3849 1153 3906 in
1184 3848 1240 3908 alia
1271 3849 1401 3911 Senensi
1432 3851 1595 3913 Bibliotheca

895 3939 987 3999 tradit
1003 3956 1121 4000 summa
1135 3957 1204 4001 cum
1220 3942 1308 4004 laude
1320 3960 1445 4023 semper
1459 3946 1595 4007 celebran-

895 4032 953 4093 dus
970 4033 1136 4095 Cardinalis
1155 4035 1298 4106 Quirinus
1322 4039 1354 4098 in
1376 4039 1508 4102 diatriba
1528 4053 1596 4120 prae

894 4125 1025 4187 liminari
1044 4127 1080 4189 ad
1096 4129 1239 4208 epistolas
1249 4131 1401 4193 Francisci
1412 4135 1534 4196 Barbari
1543 4148 1594 4213 pag·

892 4222 1033 4296 DXLlX,
1050 4229 1082 4282 et
1097 4240 1136 4284 ex
1149 4241 1186 4285 00
1210 4224 1283 4285 libro
1307 4227 1440 4306 elogium
1461 4225 1595 4291 Francisci

892 4315 1011 4375 Barbari
1029 4316 1166 4395 producit
1183 4335 1349 4380 exsuccum
1366 4321 1458 4399 plane
1475 4332 1507 4384 et
1523 4321 1594 4384 00440.

931 4408 1248 4473 Animadvertendum
1268 4420 1317 4474 est
1333 4418 1427 4477 etiam
1453 4418 1596 4497 scripsisse

891 4502 1012 4563 Facium
1027 4505 1207 4583 opusculum
1221 4506 1260 4568 60
1276 4510 1461 4572 excellentia
1477 4519 1508 4572 et
1523 4525 1595 4591 prat-

891 4598 1002 4658 stantia
1031 4597 1305 4679 hominis,·quem
1338 4604 1495 4667 Fabricius
1530 4604 1595 4666 male

889 4689 1045 4750 contundit
1060 4709 1130 4753 cum
1146 4693 1220 4754 libro
1231 4692 1268 4754 de
1284 4694 1527 4761 dumemeoitoe
1537 4694 1593 4780 seli·

61 4763 69 4778 ’
159 4778 201 4837 De
235 4776 326 4840 rebus
357 4780 467 4843 Siculis
496 4786 766 4872 commentarium,
801 4794 832 4846 et
887 4783 977 4844 citato
991 4802 1062 4847 cum
1078 4786 1138 4848 duo
1154 4790 1216 4847 sint
1236 4788 1381 4853 distincta
1389 4796 1534 4874 opuscula
1542 4793 1594 4854 exi

158 4974 183 5034 a)
202 4976 273 5035 4006
290 4979 450 5030 4600000040
466 4987 529 5032 torn.
544 4986 604 5032 xxi.
617 4987 759 5035 memoriar.
776 4997 834 5048 pag.

110 5047 159 5100 422
173 5060 325 5114 perperam:
341 5052 413 5101 inter
431 5055 526 5106 Gallos
543 5066 569 5108 rt
585 5060 736 5123 Hispanos

835 5124 838 5131 Ι
927 5062 952 5123 ι)
970 5067 1039 5116 40400
1054 5066 1180 5130 spirutu
1197 5074 1289 5123 AEneae
1304 5071 1361 5124 465.
