3458 5332
113 348 173 409 640
685 336 1039 399 aelaniticus
1128 334 1130 338 ⁴

113 453 286 515 schismatis
300 446 355 507 An.
376 448 463 506 4459.
482 447 709 524 sumserimus,
730 445 832 523 vulga·
885 446 998 523 primos
1014 443 1104 503 italos
1121 450 1228 521 poetae
1246 445 1420 507 celebretur
1436 462 1453 505 4
1475 448 1589 519 Bembo,

113 549 158 604 vit
182 544 332 605 Frcherus
360 547 431 598 tom.
458 542 485 599 4.
514 539 694 617 scriptorum
729 554 830 597 rerum
885 538 1073 598 Castelvetro
1084 537 1211 614 aliisque
1229 537 1311 617 apud
1329 537 1514 599 Antoninum
1525 541 1590 598 4444-

113 637 361 699 Germanicarum
378 638 410 691 et
421 630 559 691 Andreas
571 630 741 692 duchesne
757 638 829 690 torn.
887 632 1012 710 gitorem
1031 632 1060 690 in
1077 630 1262 691 Bibliotheca
1285 633 1388 692 Sicula
1406 649 1473 710 pag.
1490 632 1550 691 247.
1567 639 1590 691 44

112 732 160 793 IV.
171 729 260 806 eujus
272 725 434 787 editionem
448 742 519 784 eum
533 724 714 784 Preheriaua
728 731 833 784 contu·
887 725 955 787 248.
972 725 1021 785 ubi
1039 725 1130 784 etiam
1144 724 1181 785 de
1197 725 1307 786 Allatio
1320 773 1327 802 ,
1338 727 1391 803 qui
1406 727 1592 786 carminaFri·

113 826 148 886 lit
164 820 356 884 Burehardus
381 816 518 878 Gottheli
545 819 688 877 Struvius
704 818 733 875 in
756 833 832 876 nova
887 817 978 877 deriei
996 819 1144 878 Hetrusca
1160 819 1251 880 edere
1271 819 1368 878 valuit
1383 836 1422 878 ex
1451 819 1590 880 (lodicibus

111 917 233 980 Preheri
249 915 378 976 editione
397 918 468 970 torn.
489 913 517 972 4.
534 928 600 989 pag.
622 911 688 971 449.
708 927 773 987 seq.
889 913 1060 985 VaticaniS,
1081 913 1252 973 Barberiuis
1268 919 1299 973 et
1316 911 1480 972 Ghisianis.
1507 914 1590 972 Latine

79 1062 84 1079 ,
153 1011 187 1070 ln
202 1004 307 1069 eodem
319 1013 390 1065 torn.
407 1021 473 1082 pag.
497 1003 645 1064 404-444.
660 1001 836 1063 exstatTA·
889 1010 1012 1066 exstant
1025 1003 1091 1081 ejus
1112 1003 1268 1084 Epistulae
1288 1005 1337 1065 lli.
1357 1005 1438 1083 apud
1454 1006 1587 1066 Baluziun

114 1102 280 1166 GENONlS
294 1145 301 1176 ,
316 1100 426 1160 Decani
446 1098 651 1170 Pataviensis,
675 1095 836 1174 descriptio
890 1106 962 1160 torn.
982 1103 1010 1160 4.
1026 1100 1185 1161 Miscellan.
1205 1117 1272 1178 pag.
1286 1100 1353 1158 446.
1373 1101 1418 1159 De
1439 1099 1502 1159 aliis
1515 1098 1590 1158 dietu-

106 1190 623 1275 ¹expeditionisAsiaticaeFriderici
635 1192 658 1250 l.
672 1189 729 1250 An.
746 1189 835 1251 4489.
890 1211 943 1254 rus
958 1210 1025 1253 sum
1044 1194 1138 1268 inira,
1157 1193 1207 1254 ubi
1229 1193 1267 1252 de
1290 1195 1382 1252 Petro
1402 1191 1440 1252 de
1464 1193 1588 1253 Vlh'BlS:

114 1287 294 1351 conterenda
315 1286 450 1347 eumilla
467 1287 696 1362 quamaPetra
715 1283 835 1343 Pithoeo
890 1284 978 1362 cujus
1010 1286 1168 1346 meliorem
1203 1285 1369 1346 editionem
1393 1285 1589 1365 jampridema

116 1383 229 1443 editam
246 1380 307 1441 diui
322 1426 329 1456 ,
347 1387 465 1438 etcum
484 1377 622 1438 uberiore
641 1375 815 1438 ANONYHI
828 1408 850 1450 ‚·
891 1380 1064 1441 Clarissimo
1075 1381 1153 1455 Viro,
1165 1381 1281 1441 Joanne
1292 1381 1467 1447 Hermanno
1478 1379 1589 1441 Schmin·

116 1494 207 1554 quarn
239 1480 392 1553 postrema
416 1478 502 1551 parte
529 1471 664 1530 mutilam
698 1471 836 1547 vulgavit
889 1473 954 1533 clio
971 1472 1317 1551 exspectamus‘Aurea
1342 1469 1588 1551 4441444044-

48 1608 54 1615 -
117 1571 256 1632 Canisius
273 1575 345 1627 tom.
367 1568 403 1625 V.
428 1565 631 1640 Antiquarum
660 1565 835 1623 Lectionum

115 1670 200 1742 parte
218 1663 245 1721 2.
264 1677 330 1740 pag.
350 1659 397 1717 44.
425 1655 573 1732 (editionis
603 1673 699 1716 novae
725 1658 837 1717 Hasna-

117 1758 221 1833 gianae
239 1761 312 1812 tom.
328 1752 378 1810 lll.
394 1755 478 1828 parte
497 1750 525 1809 2.
547 1766 614 1826 pag.
634 1748 798 1833 499426.)Ι

157 1843 293 1924 Epistola
306 1842 449 1903 Friderici
461 1841 503 1901 ud
517 1841 649 1901 Ottonem
663 1841 836 1919 Frisinpen·

117 1959 200 2016 sem,
231 1941 376 2000 Patruum
405 1953 526 2014 suum,
560 1935 640 2013 apud
673 1937 834 1997 Urstisium

117 2044 188 2095 tom.
210 2036 245 2109 l,
273 2050 339 2110 pag.
370 2032 437 2091 403.
468 2036 499 2088 44
527 2031 649 2090 Petrum
678 2030 834 2091 Pithoeum

117 2136 187 2190 ante
214 2128 304 2188 libros
330 2124 406 2185 duos
433 2123 470 2183 de
494 2125 588 2200 gestis
613 2122 762 2182 Friderici.
788 2125 835 2184 Ex

117 2220 275 2283 AHAh‘llO
292 2218 444 2298 deprimis
458 2217 537 2277 actis
554 2235 575 2275 α
594 2215 750 2276 Friderico
765 2234 835 2295 per-

118 2316 195 2376 actis
212 2316 243 2373 in
256 2311 404 2393 Imperio,
420 2312 624 2389 fragmentum
648 2310 735 2369 444444
752 2310 837 2371 Chri-

118 2409 279 2488 stophorus
309 2405 474 2467 Genroldus
501 2420 565 2484 cap.
593 2406 619 2463 6.
646 2403 683 2463 44
699 2406 837 2482 Septem-

117 2505 218 2562 viratu
235 2522 264 2580 p.
275 2501 323 2560 78.
341 2499 501 2578 ingolstad.
519 2498 606 2559 4044.
623 2499 649 2557 4.
668 2496 740 2558 Vide
751 2504 782 2556 et
798 2497 835 2558 de

117 2594 348 2657 BUBCHABDO
365 2594 477 2652 notario
495 2608 585 2670 supra
600 2598 622 2650 t.
640 2594 712 2669 l,p.
731 2590 799 2650 279.

157 2688 329 2750 Mandatum
346 2685 560 2747 diffidatorium
588 2684 630 2744 ael
656 2682 834 2746 saladinum

115 2781 172 2842 An.
188 2784 274 2843 4488.
293 2798 346 2860 pro
364 2780 556 2839 restitutione
573 2784 671 2838 444444
689 2785 835 2856 sanctae,

116 2874 194 2952 apud
212 2872 389 2933 Goldastum
405 2879 476 2930 toni.
497 2872 535 2947 3,
552 2889 618 2950 pag.
639 2873 707 2932 362.

158 2964 421 3027 *Praetereundus
436 2982 495 3024 non
510 2972 558 3024 est
567 2963 730 3044 Bhytdmus
741 2965 835 3027 Glire-

117 3060 204 3119 uicus
221 3058 258 3118 de
274 3058 375 3118 Rebus
393 3057 533 3117 Friderici
551 3059 572 3117 l.
601 3059 675 3136 lmp.
694 3060 836 3137 vulgatus

117 3171 134 3213 a
156 3156 209 3214 PP.
228 3155 285 3213 Pez
307 3159 338 3212 et
364 3152 500 3215 Huebero
519 3150 592 3214 Cod.
609 3151 735 3230 Diplom.
754 3170 783 3230 p.
800 3155 836 3214 ll.

117 3264 185 3326 pag.
202 3249 240 3307 29
257 3248 360 3324 incipit

157 3339 247 3400 Aetas
259 3339 355 3399 nostri
370 3337 509 3418 temporis
522 3335 624 3398 brevis
637 3339 836 3398 rsousenescit.

161 3435 264 3494 Vetera
277 3437 443 3510 temporum
461 3430 614 3490 reminisci
630 3431 736 3490 nescit.

158 3525 384 3588 FHIDEHlCUS
401 3527 436 3585 44.
449 3527 615 3603 imperator
628 3526 665 3585 ab
679 3525 736 3584 An.
749 3527 837 3587 4242.

118 3627 149 3678 44
165 3618 281 3679 Siciliae
296 3621 455 3694 utriusque
470 3620 551 3692 Hes,
570 3616 733 3678 defunctus
750 3619 838 3679 Anno

121 3712 208 3774 4250.
228 3713 370 3789 Princeps
385 3713 503 3789 egregie
522 3712 674 3771 litteratus
692 3718 722 3770 et
738 3715 839 3772 Patro-

120 3823 177 3867 nus
198 3805 411 3878 Eruditorum,
429 3807 545 3882 peritus
560 3805 732 3883 linguarum
755 3822 826 3883 prae

120 3907 167 3961 ter
183 3900 414 3972 Germanicam,
430 3898 583 3971 Graecae,
603 3900 745 3973 Latinae,
761 3896 842 3958 ltali-

117 4010 192 4067 cae,
211 3993 352 4052 Tureieae
368 3998 399 4048 et
415 3989 571 4050 Arabicae.
586 3992 661 4050 Huic
675 3992 838 4069 plurimum

121 4087 234 4146 debent
248 4085 368 4144 condita
387 4084 435 4144 vel
452 4086 619 4144 instaurata
636 4083 784 4144 domicilia
808 4084 841 4144 il-

119 4181 224 4242 lastria
241 4181 393 4240 Musarum
413 4185 444 4237 et
462 4176 662 4237 Academiae:
690 4180 841 4239 Viennen-

892 1571 951 1626 tate
968 1565 1144 1647 Principum
1172 1567 1204 1627 S.
1218 1568 1303 1626 Hom.
1322 1567 1446 1645 lmperii
1464 1572 1553 1626 exstat
1566 1566 1588 1622 iu

891 1667 963 1719 tom.
979 1660 1040 1720 Vll.
1058 1659 1254 1738 reliquiarum
1272 1659 1357 1719 HSS.
1375 1658 1589 1739 diplomatumet

892 1760 1161 1814 monumentorum
1178 1752 1362 1813 ineditorum
1381 1770 1449 1832 pag.
1464 1754 1589 1813 bilicum

891 1849 970 1906 notis
987 1849 1112 1908 loannis
1129 1847 1207 1907 Petri
1225 1845 1264 1907 de
1281 1846 1432 1925 Ludewig
1459 1864 1520 1925 pag.
1540 1842 1590 1904 520.

891 1942 959 2001 Bao.
969 1943 1012 2000 Be
1023 1958 1121 2001 aurea
1135 1938 1219 2000 bulla
1227 1957 1286 2019 pro
1297 1938 1511 2001 Ecclesiastico
1522 1935 1592 1997 liber·

890 2038 963 2109 tate,
975 2034 1180 2095 consulendus
1190 2034 1356 2095 Goldastus
1372 2035 1402 2092 in
1423 2034 1591 2111 replicatione

889 2131 995 2185 contra
1012 2128 1188 2186 Gretserum
1204 2143 1271 2204 pag.
1291 2126 1359 2186 378.
1379 2143 1445 2203 seq.
1463 2125 1593 2186 Constitu

890 2220 931 2277 tio
950 2220 1012 2298 ipsa
1029 2225 1132 2279 exstat
1144 2226 1210 2278 tum
1226 2218 1294 2278 alibi
1307 2224 1374 2279 tum
1387 2218 1468 2298 apud
1485 2217 1592 2278 eunden

889 2311 1066 2373 Goldastum
1084 2318 1155 2372 torn.
1176 2315 1204 2373 4.
1229 2314 1493 2374 Constitutianum
1514 2313 1593 2389 lmpe

891 2406 1008 2465 rialium
1027 2423 1094 2484 pag.
1108 2407 1176 2465 289.
1192 2407 1242 2466 ubi
1260 2413 1291 2466 et
1302 2407 1377 2467 aliae
1395 2406 1530 2484 eiusdem
1544 2421 1593 2483 pag.

890 2498 959 2558 292.
978 2504 1008 2559 44
1025 2502 1130 2557 cantra
1150 2497 1316 2561 haereticos
1337 2516 1408 2578 pag.
1425 2501 1493 2560 293.
1515 2500 1596 2575 longe·

891 2609 949 2670 que
971 2592 1074 2668 plures
1101 2594 1175 2652 varii
1199 2592 1328 2653 alterius
1349 2595 1538 2673 argumenti,
1555 2589 1596 2650 sed

890 2691 922 2745 et
941 2683 1099 2745 Ordinatio
1116 2691 1347 2747 testamentaria
1363 2686 1422 2748 An.
1443 2688 1529 2749 4254.
1545 2702 1595 2765 pag·

891 2778 959 2837 307.
977 2780 1064 2839 Varia
1090 2781 1234 2858 rescripta
1262 2779 1386 2842 LXXX.
1406 2789 1482 2842 torn.
1499 2784 1532 2857 2,
1548 2796 1598 2859 pag.

890 2873 939 2932 54.
962 2888 1026 2949 seq.
1050 2889 1119 2932 cum
1148 2873 1372 2934 Constitutione
1397 2875 1436 2936 de
1466 2876 1597 2935 Libertate

889 2982 1032 3026 concessa
1045 2967 1192 3027 Gentibus
1210 2966 1246 3027 ad
1263 2968 1438 3030 Catholicae
1453 2969 1533 3030 Fidei
1548 2967 1599 3028 uni-

890 3064 983 3119 tatem
1003 3061 1160 3119 conversis
1177 3076 1243 3137 pag.
1258 3058 1308 3120 77.
1321 3063 1407 3122 Aliae
1419 3069 1495 3122 tom.
1512 3064 1599 3139 Apus·

892 3152 959 3214 372.
979 3170 1046 3231 seq.
1064 3155 1161 3213 Prima
1170 3154 1338 3214 Teutonico
1354 3157 1380 3230 a)
1398 3156 1538 3217 idiomate
1548 3171 1602 3215 eia

891 3253 956 3306 rata
974 3248 1213 3323 lloguntinensis
1227 3246 1316 3307 Anna
1337 3250 1428 3310 4235.
1445 3250 1551 3310 Plures
1566 3247 1603 3305 iti·

892 3338 960 3399 dem
978 3342 1209 3399 constitutiones
1225 3341 1305 3419 apud
1319 3342 1514 3420 llaynaldum
1527 3387 1533 3417 ,
1544 3345 1603 3402 Bao

892 3435 1060 3511 mumque,
1078 3441 1109 3494 et
1128 3435 1155 3493 in
1175 3431 1285 3512 Aquila
1303 3436 1408 3496 Sveva
1425 3439 1548 3498 loannis
1562 3437 1604 3495 Pa·

892 3528 973 3603 latii,
1000 3528 1074 3588 libro
1107 3529 1215 3588 xxvi.
1251 3527 1373 3589 Siculae
1403 3530 1552 3608 quaedam
1579 3533 1603 3585 et

893 3619 1108 3700 Neapolitanae
1124 3623 1214 3682 etiam
1232 3621 1313 3700 apud
1331 3625 1495 3684 Barouium
1511 3624 1544 3684 44
1557 3623 1603 3683 ,44-

893 3733 971 3775 num
1000 3714 1088 3776 4097.
1121 3733 1159 3775 ne
1189 3715 1289 3775 dicam
1320 3715 1359 3776 de
1389 3717 1489 3778 indice
1509 3719 1605 3779 Graeca

893 3809 1152 3869 Constitutionum
1165 3808 1336 3870 Sicularum
1345 3810 1489 3872 Friderici
1503 3808 1604 3889 ll.apud

893 3902 1124 3963 celeberrimum
1143 3902 1388 3964 llontlaueonum
1405 3907 1434 3965 in
1448 3906 1606 3983 Palaeogra-

892 3995 962 4074 phia
979 3995 1093 4055 Graeca
1108 4012 1172 4073 pag.
1196 3995 1263 4055 446.
1283 3998 1334 4072 qui
1363 3995 1532 4076 diplomata
1554 3997 1607 4076 ejus

893 4092 1025 4167 quatuor
1050 4089 1141 4148 etiarn
1163 4089 1265 4147 Latine
1288 4088 1449 4168 subjunxit
1466 4110 1534 4173 pag.
1551 4091 1607 4152 428.

893 4198 957 4258 seq.
971 4180 1055 4240 ldem
1074 4197 1138 4259 pag.
1157 4182 1225 4242 349.
1243 4180 1397 4243 videndus
1409 4185 1446 4245 de
1462 4187 1546 4246 libris
1560 4187 1601 4244 44·-

119 4276 180 4347 sis,
199 4273 343 4333 Patavina
359 4317 367 4345 ,
384 4273 603 4345 Ferrarieusis,
626 4273 839 4350 Neapolitana,
893 4275 951 4334 bus
971 4268 1136 4343 4344444444
1168 4267 1318 4352 travena
1346 4277 1607 4341 444444444144444

120 4367 327 4439 Salernitana,
346 4366 553 4424 Bononiensis.
572 4365 654 4425 ldem
673 4384 711 4427 ex
727 4366 840 4426 Graeco
894 4370 955 4447 ptis
977 4370 1055 4428 eirca
1082 4366 1204 4427 Annum
1234 4369 1324 4429 4230.
1354 4375 1449 4448 atque
1479 4373 1571 4433 obviis
1585 4372 1607 4426 in

51 4505 57 4509 .
118 4461 167 4520 vel
184 4458 309 4520 Arabico
327 4456 469 4516 idiomate
487 4460 565 4516 verti
589 4461 707 4519 curavit
727 4457 842 4519 Aristo·
894 4461 1078 4521 Bibliotheca
1093 4463 1181 4538 Regis
1199 4461 1381 4537 Galliarum,
1400 4464 1449 4524 ubi
1470 4465 1550 4525 hune
1565 4464 1608 4524 Co

121 4553 190 4613 talis
207 4553 305 4630 Opera
318 4597 324 4628 ,
337 4567 478 4628 magnum
497 4551 658 4611 Ptolemaei
677 4552 840 4628 syntaxim
894 4553 992 4613 dicem
1004 4555 1121 4614 confert
1131 4572 1201 4615 eum
1216 4554 1491 4620 constitutionibus
1500 4554 1608 4625 Siculis,

121 4646 253 4725 Gregorii
268 4647 396 4723 Nysseni
412 4645 449 4705 de
462 4652 569 4704 natura
581 4643 721 4719 hominis,
735 4645 841 4704 Galeni
896 4648 961 4706 sive
988 4646 1194 4725 Neapolitanis
1223 4648 1340 4728 Begerii
1371 4659 1406 4710 et
1427 4651 1565 4713 Guilelmi
1586 4653 1610 4706 et

123 4754 181 4796 non
212 4755 306 4816 pauca
336 4745 367 4798 et
394 4739 520 4798 aliorum
552 4736 732 4797 lledieorum
762 4739 842 4797 sicut
895 4738 1034 4799 Friderici
1053 4742 1088 4801 ll.
1109 4742 1212 4802 Latine
1230 4740 1320 4801 editis
1338 4745 1368 4802 in
1392 4745 1537 4805 Frideriei
1555 4746 1610 4804 Liu·

19 4879 21 4883 .
124 4830 372 4891 Astronomorum
390 4848 520 4908 quoque.
539 4831 640 4889 ltalieo
665 4832 755 4888 etiam
777 4847 841 4889 ear·
895 4831 1047 4911 denbrogii
1077 4834 1186 4895 Codice
1209 4836 1320 4913 Legum
1340 4841 1538 4917 antiquarum
1553 4855 1609 4919 pag·

124 4923 204 4980 mine
226 4924 265 4982 ita
283 4925 396 4999 valuit,
417 4930 449 4984 ut
467 4925 533 4984 aliis
560 4925 651 4984 etiam
679 4924 840 5001 praeiverit

124 5013 160 5073 ud
179 5011 256 5073 hanc
274 5016 393 5076 laudem
413 5017 638 5094 aucupandam,
654 5023 745 5094 atquc
764 5020 841 5078 inter
891 5035 939 5085 bus
956 5036 987 5086 44
1003 5037 1133 5103 eridano
1150 5045 1181 5092 u.
1200 5044 1224 5105 s.
1243 5044 1282 5093 44.
1301 5045 1437 5112 tubingae
1456 5047 1528 5099 4744.

936 4962 962 5023 4)
980 4964 1105 5014 lohannes
1122 4966 1226 5016 4444444444
1245 4969 1429 5024 Ballwachsius
1448 4977 1474 5024 ln
1493 4972 1612 5037 positioni·
