3464 5318
699 335 894 396 FELlNl
1480 343 1540 405 559

50 450 124 504 tom.
144 444 171 503 4.
191 441 293 502 4444446
311 455 413 500 644446
430 454 498 519 pag·
514 439 582 501 887.
600 458 664 519 seq.
692 443 768 519 Ejus
823 443 937 502 vitatus
954 446 1003 501 est
1018 442 1142 501 ltonram
1159 459 1177 501 4
1194 443 1279 503 Sixto
1305 445 1352 504 tv.
1374 445 1542 526 Pontifice,

48 534 229 616 spitamete
244 531 376 611 liepibut
393 531 512 595 Siciliae
529 533 702 614 etApalrae,
717 553 769 594 oo
822 550 916 613 aquo
934 542 1041 614 sponte
1063 552 1101 600 ne
1119 541 1222 615 rogato
1239 535 1361 614 quidem
1388 538 1542 602 Auditoris

51 630 190 692 minutim
211 627 248 689 de
263 626 411 709 44446464
428 628 621 706 4446446664
640 631 718 708 Repe
730 627 768 688 ad
821 631 898 690 sacri
916 629 1018 689 Palatii
1036 646 1162 690 munere
1184 645 1219 689 ao
1242 628 1386 707 dignitato
1415 641 1543 697 ornatus

49 723 258 786 Alexandrum
276 723 323 781 Vl.
343 719 423 782 edita
440 722 601 783 aFrebero
613 740 683 783 cum
699 726 760 784 Bar·
820 730 878 798 est,
896 722 975 802 quod
994 725 1058 802 ipse
1075 724 1196 784 Felinus
1214 722 1338 782 totidem
1361 725 1422 786 tere
1439 728 1541 790 verbis

48 818 122 879 thol.
136 817 214 878 Facii
235 813 370 892 dialogo,
389 814 435 890 lde
454 831 514 893 quo
532 831 624 893 supra
641 831 668 893 p.
688 816 766 890 547.)
823 819 944 897 scripsit
957 818 985 877 in
1012 815 1139 896 epistola
1163 815 1199 876 ad
1221 815 1387 878 Oliverium
1404 816 1545 881 Cardine·
1571 840 1573 843 ·

48 914 166 975 Hanov.
182 909 310 970 rotet.
324 914 439 970 etcum
452 908 571 969 Freheri
587 910 769 988 praefatione
824 909 883 970 lem
910 909 1155 988 Neapolitanum,
1192 926 1282 987 quam
1314 912 1459 989 opusculo
1486 929 1545 995 pun

51 1021 88 1067 ac
102 1004 182 1064 notis
204 1017 310 1062 recusa
329 1017 426 1079 nuper
437 1003 467 1059 in
485 1001 628 1063 thesauro
640 1005 769 1080 antiqui·
823 1003 866 1064 De
887 990 1051 1083 4466644440
1081 1002 1231 1081 praefixit.
1262 1001 1295 1062 ld
1321 1020 1394 1064 vero
1422 1003 1545 1067 adnota-

49 1105 151 1159 tatum
168 1096 285 1156 Siciliae
299 1095 522 1155 burmanniano
537 1102 621 1174 parte
639 1096 673 1157 V.
690 1095 768 1157 Nihil
823 1099 938 1173 verim,
955 1114 995 1156 ne
1011 1095 1087 1156 hdes
1104 1093 1251 1157 habeatur
1273 1098 1426 1157 Pancirolo
1443 1099 1492 1159 lib.
1515 1099 1543 1159 3.

49 1189 132 1254 aliud
151 1195 218 1264 est,
235 1193 269 1249 ut
287 1193 372 1248 notat
389 1188 534 1264 Vossius,
548 1205 640 1273 quam
666 1197 769 1250 cento
822 1206 888 1267 cap.
902 1190 949 1248 44.
962 1191 1013 1267 444
1028 1194 1199 1249 commenta
1216 1189 1302 1267 plura
1319 1190 1408 1250 unica
1425 1189 1546 1268 periodo

53 1301 110 1346 nes
125 1281 770 1361 exPandulpbollostiario,0ttoneFrisin-
824 1283 1003 1361 complexus
1014 1289 1070 1354 est,
1079 1282 1545 1344 scribensllomamconteodisse
1660 1348 1666 1360 ,

52 1381 159 1458 gensi,
175 1375 350 1453 Antonino,
377 1376 428 1435 Pio
456 1375 608 1452 secundo,
637 1376 769 1452 Blando,
825 1376 909 1435 illum
923 1391 971 1435 an.
989 1376 1067 1436 ll88
1084 1381 1117 1435 ut
1128 1376 1300 1436 secessione
1316 1377 1365 1437 illa
1377 1393 1432 1439 sua
1443 1377 1547 1439 discri-

51 1471 179 1549 leggia,
197 1468 312 1529 Platina
328 1513 335 1543 ,
353 1468 502 1530 4444444466
519 1470 683 1545 Palmerio,
700 1474 771 1532 Ber·
825 1484 896 1528 men
913 1484 1032 1546 pugnae
1049 1469 1232 1546 litterariae,
1248 1470 1396 1549 quaesibi
1412 1472 1549 1532 commit-

51 1562 168 1624 nhardo
184 1564 373 1638 iustiniano,
399 1563 573 1624 Leonbardo
586 1574 590 1580 ’
601 1563 724 1626 hretino
741 1571 772 1626 et
826 1560 918 1621 tenda
935 1569 999 1621 erat
1020 1578 1090 1622 cum
1108 1564 1198 1623 Decio
1214 1564 1323 1624 celebri
1345 1565 1548 1626 Juriconsulto

50 1658 185 1736 Philippo
212 1659 408 1735 Bergomate:
436 1673 563 1733 quorum
590 1665 622 1718 et
652 1659 772 1719 nomina
827 1653 1000 1716 declinaret.
1016 1658 1080 1717 lion
1095 1658 1177 1716 enim
1188 1659 1312 1717 Romam
1331 1660 1416 1718 venit
1430 1659 1488 1718 nisi
1504 1660 1550 1718 in-

51 1750 181 1829 singulis
195 1749 346 1827 excerptis
364 1746 529 1828 subiungit.
549 1750 693 1829 Ejusdem
720 1753 773 1810 Fe·
826 1750 941 1810 vitatus
967 1739 1162 1822 aPontitice,
1183 1767 1239 1810 nec
1255 1750 1293 1811 ab
1314 1751 1370 1811 alio
1387 1751 1549 1826 Pontilice,

52 1844 109 1905 lini
125 1842 161 1903 de
174 1840 358 1921 4606446606
367 1839 510 1920 planaria
526 1860 625 1905 sermo
641 1847 671 1904 in
687 1844 771 1905 illud:
828 1843 887 1910 nisi
905 1843 989 1903 Sixto
1007 1843 1094 1916 lV„a
1107 1860 1167 1918 quo
1185 1845 1337 1922 insperato
1354 1846 1477 1906 liornani
1496 1847 1550 1906 Pa·
1612 1906 1618 1914 ,

55 1935 267 1998 hodiemecam
279 1935 341 1996 erit
358 1937 390 1996 in
400 1935 564 2016 paraclito,
578 1939 650 1998 Luc.
664 1939 774 1999 XXlll.
828 1937 890 1997 latii
907 1937 1025 1998 auditor
1040 1941 1089 1997 est
1107 1935 1287 1997 declaratus.
1304 1938 1391 1998 Anno
1410 1941 1488 2002 4495
1506 1946 1551 1999 te-

56 2034 105 2094 43.
126 2033 156 2091 44
173 2030 292 2091 Oceano
311 2032 412 2105 iuris,
431 2033 496 2091 sive
514 2038 644 2092 tractatu
667 2037 775 2093 tracta-
829 2037 875 2090 ste
904 2030 1038 2110 Ughellio
1064 2032 1275 2104 Pennensem,
1302 2037 1334 2091 64
1355 2030 1551 2094 lladriensem

55 2131 145 2186 tuum
162 2129 234 2183 tom.
252 2123 321 2183 xlv
335 2170 341 2199 ‚
356 2140 422 2203 pag.
442 2123 509 2184 457.
532 2125 774 2198 Commentarius
829 2127 1045 2204 Episcopatum
1077 2125 1225 2201 obtinuit3
1254 2122 1421 2202 eodemque
1440 2127 1552 2203 pariter

55 2217 88 2279 in
115 2217 149 2278 44.
176 2214 270 2278 libror
287 2213 509 2292 decretalium,
534 2218 668 2278 46464446
687 2220 775 2280 4498.
831 2236 909 2280 4444
937 2219 1093 2279 6444444464
1111 2217 1306 2280 Sandonnino
1333 2220 1462 2279 Lucensi
1483 2221 1553 2298 Epi-

57 2312 195 2392 Lugduni
214 2312 301 2372 4549.
321 2312 408 2372 4549.
427 2309 515 2372 4587.
535 2312 671 2372 4464464446
687 2312 775 2374 4570.
830 2330 920 2392 scopo
935 2313 1064 2372 accessit
1077 2327 1148 2373 cum
1166 2329 1219 2390 spe
1242 2311 1361 2373 4444446
1385 2315 1552 2376 successio

57 2407 106 2467 464.
123 2422 193 2466 cum
205 2402 407 2465 additionibus
424 2403 458 2464 Α.
470 2407 613 2485 Mocenigi
628 2450 635 2481 ,
650 2406 774 2485 Philippi
831 2409 887 2467 nis.
906 2406 1055 2468 Eumdem
1078 2404 1203 2468 demum
1221 2406 1446 2485 Episcopatum,
1461 2424 1552 2486 quern

57 2500 195 2562 Simonet
207 2504 238 2559 et
253 2497 400 2558 iohannis
414 2515 431 2557 a
447 2497 604 2560 Gradibus.
617 2499 695 2560 Varii
714 2501 778 2574 ejd—
832 2506 900 2580 post
926 2500 1041 2561 obitum
1066 2499 1253 2561 Sandonnioi
1275 2500 1410 2579 quinque
1431 2506 1550 2561 tantum

57 2593 145 2654 sdem
159 2597 306 2655 tractatus
328 2598 382 2653 ut:
402 2590 551 2666 Quomodo
568 2593 718 2673 44446464
729 2609 777 2653 ca·
833 2592 988 2655 mensibus
1006 2599 1136 2654 46444646
1152 2594 1251 2671 464444
1272 2592 1412 2655 06664646
1430 2600 1554 2657 6646446

56 2691 168 2748 natus:
186 2682 311 2762 (466606
322 2682 438 2744 litterae
454 2684 639 2765 Apostolicae
655 2692 780 2748 noceant
832 2704 849 2748 4
870 2687 988 2749 4444446
1006 2686 1094 2749 Card.
1112 2686 1254 2763 Roboreo,
1271 2689 1323 2764 qui
1340 2687 1480 2748 eamdem
1497 2689 1554 2749 Ee

57 2779 202 2843 Patronis
235 2775 460 2857 Ecclesiaram,
492 2780 591 2858 alique
617 2784 775 2844 memorati
831 2782 953 2842 clesiam
971 2783 1138 2841 Lucensem
1156 2780 1194 2842 ab
1214 2780 1386 2843 Alexandro
1402 2781 1457 2859 Vl,
1479 2781 1555 2841 obti-

57 2878 90 2936 in
108 2874 272 2955 appendice
287 2873 442 2934 Tritbentii
459 2879 491 2933 et
503 2874 583 2953 apud
597 2875 776 2956 Gesnerum,
832 2877 899 2936 nuit
915 2873 1207 2951 administrandam·⁷
1226 2875 1348 2937 tandem
1370 2875 1459 2955 pleno
1485 2874 1554 2952 jure

59 2970 113 3046 qui
136 2973 261 3029 exstant
294 2968 323 3025 in
351 2964 418 3043 ejus
447 2959 606 3044 06064404,
640 2969 776 3050 Lugduni
832 2968 993 3044 acquisivit
1009 2985 1057 3027 an.
1081 2969 1154 3030 4504
1186 2976 1217 3028 64
1246 2968 1282 3030 40
1312 2970 1428 3030 obitum
1455 2986 1553 3047 usquc

64 3063 144 3125 4553
161 3060 251 3122 4587.
274 3060 322 3121 iol.
347 3062 480 3131 Venetiis
508 3061 584 3123 4570
614 3064 700 3125 4588.
731 3064 779 3125 444.
834 3063 967 3121 46444444.
989 3059 1070 3119 Obiit
1093 3078 1141 3120 an.
1171 3062 1259 3134 4503,
1292 3073 1397 3121 mense
1424 3062 1553 3139 octobri,

65 3155 199 3217 Basileae
214 3161 272 3216 etc.
609 3206 613 3215 .
834 3154 1027 3229 moriensque
1040 3154 1270 3214 refertissimam
1286 3171 1338 3232 pro
1364 3155 1481 3232 privato
1501 3154 1554 3214 ho-

103 3249 121 3286 *
137 3247 260 3310 Felices
276 3249 378 3311 llario
398 3247 595 3327 Sandeatlita
623 3253 704 3312 enim
730 3267 781 3330 ap
835 3249 915 3306 mine
932 3246 1147 3306 bibliothecam
1170 3263 1256 3307 suom
1281 3247 1418 3326 Capitnlo
1439 3244 1558 3323 44446446

61 3343 193 3423 peilatus
208 3344 237 3404 in
249 3342 358 3405 Codice
369 3343 498 3421 quodam
510 3346 570 3404 448.
582 3345 780 3407 840444406646
835 3340 988 3400 Ecclesiae
1004 3341 1150 3400 Lucensis
1165 3339 1286 3418 legavit,
1306 3357 1382 3417 quas
1399 3357 1558 3420 supremas

63 3436 211 3512 eiusdem)
239 3437 438 3498 Ferrariensis
457 3439 572 3515 patria,
591 3440 704 3518 origine
725 3439 783 3500 Lu·
835 3434 1009 3494 voluntates
1030 3450 1103 3494 suas
1126 3435 1304 3494 executione
1332 3432 1557 3494 demandandas

63 3533 168 3594 censis
197 3531 272 3605 4444,
297 3530 376 3609 4440
408 3547 484 3608 quos
512 3531 629 3593 Sandea
660 3533 781 3593 Familia
835 3527 962 3589 credidit
994 3526 1139 3605 singulari
1169 3533 1294 3605 patrono
1317 3543 1372 3589 646
1399 3527 1557 3588 Francism

64 3625 118 3686 diu
148 3625 273 3698 florens,
304 3622 392 3684 modo
411 3623 492 3702 jacet
513 3628 655 3687 extincta.
672 3628 780 3688 Natum
837 3623 1052 3683 Piccolomlneo
1070 3623 1100 3682 S.
1115 3622 1147 3681 li.
1161 3623 1195 3682 E.
1207 3622 1359 3683 Cardinali
1372 3623 1413 3683 Pii
1428 3621 1464 3682 lt.
1483 3624 1559 3683 Pon·

65 3736 114 3780 an.
143 3718 221 3779 4444
237 3717 307 3778 4406
324 3716 440 3795 colligo,
456 3717 537 3796 quod
555 3720 672 3780 innota
690 3722 784 3799 ipsius
837 3716 926 3776 440646
944 3717 1054 3793 nepoti,
1072 3714 1170 3775 cidem
1193 3732 1311 3794 nempe,
1329 3717 1379 3794 qui
1397 3732 1476 3775 anno
1494 3717 1558 3794 ipso

63 3811 124 3872 448.
134 3809 171 3872 ad
187 3828 269 3871 oram
284 3809 395 3870 codicis
411 3811 570 3871 cuiusdam
586 3812 783 3874 bibliothecae
838 3809 938 3869 Felino
955 3809 1114 3870 emortuali
1132 3811 1162 3868 in
1180 3809 1366 3870 Pontificiam
1382 3807 1557 3870 cathedram

64 3921 139 3965 suae
157 3921 235 3965 anno
254 3905 332 3965 4460
344 3904 453 3964 aetatis
463 3906 560 3982 egisse
572 3905 784 3967 sesecundum
840 3909 1017 3980 assumptus
1035 3903 1091 3964 sub
1108 3904 1149 3962 Pil
1165 3902 1205 3962 444
1224 3903 1432 3981 appellatione,
1443 3901 1558 3975 eodem,

65 3999 358 4077 supravigesimum
370 3997 539 4057 admoneat..
557 3997 591 4056 ln
603 3999 698 4076 patria
713 3999 786 4061 urbe
840 4012 899 4073 quo
916 3995 1094 4072 dignitatem
1109 3995 1239 4055 obtinuit
1255 4011 1343 4069 anno,
1352 4001 1382 4053 et
1395 3994 1456 4055 4646
1477 3992 1561 4053 dixe

66 4092 210 4153 canonici
228 4088 405 4167 dignitatem
424 4090 573 4167 obtinult3
597 4093 694 4153 Lucae
714 4110 786 4154 varo
841 4091 897 4149 rim
919 4105 1025 4148 mense
1052 4089 1173 4148 interiit.
1196 4088 1311 4147 Extant
1339 4089 1369 4146 in
1397 4086 1456 4146 448.
1485 4085 1558 4147 (460.

66 4202 115 4246 an.
136 4185 214 4246 4464
232 4185 342 4243 4466464
363 4184 523 4262 4664444446
550 4185 580 4246 8.
608 4185 787 4248 catharinae
841 4182 954 4243 archivi
971 4177 1559 4256 CanonicorurnLucenslumhuiusjam

67 4278 264 4338 renunciatus
279 4283 346 4353 est,
368 4277 447 4354 quod
466 4279 573 4356 ipsein
591 4278 663 4340 Cod.
680 4280 787 4340 Bibllo-
840 4275 992 4337 Pontilicis
1009 4275 1114 4335 literae
1131 4274 1170 4335 ad
1187 4275 1354 4337 Canonicos
1367 4273 1561 4352 postobitum

67 4371 174 4431 tbecae
202 4387 275 4430 suae
304 4370 360 4431 443
392 4376 522 4432 testatur
545 4375 674 4451 posteris
694 4390 786 4435 manu
841 4369 933 4430 Felini
951 4367 1054 4446 datae,
1073 4370 1183 4446 quibus
1204 4377 1235 4430 et
1255 4368 1469 4430 bibliothecam
1486 4366 1561 4427 Feli-

67 4482 124 4526 sua
142 4464 272 4541 reliquit.
287 4465 415 4524 iuvenis
438 4464 537 4527 adhuc
561 4482 639 4528 anno
667 4467 783 4545 scilicet
842 4465 960 4524 nianam
978 4466 1161 4538 committit,
1176 4471 1207 4525 64
1228 4480 1305 4543 quae
1328 4463 1499 4522 necessaria
1512 4458 1561 4537 ju·

69 4557 149 4620 4406
167 4559 275 4617 4644446
287 4559 326 4618 38
341 4559 390 4619 464
403 4559 480 4619 46446
492 4558 541 4622 at.
553 4555 634 4621 turis
645 4560 787 4621 Canonici
840 4556 958 4618 dicabat
979 4559 1046 4618 eius
1064 4557 1285 4618 conservationi
1303 4556 1439 4632 iniungit.

69 4649 251 4716 Cathedram
272 4654 301 4713 in
320 4654 398 4714 Urbe
414 4655 509 4734 patria
525 4653 672 4728 obtinuit,
691 4656 788 4715 tenui·
881 4652 933 4712 Vir
954 4651 1011 4712 4444
1038 4651 1176 4712 Sandeus
1196 4651 1278 4710 Juris
1307 4650 1431 4709 scientia
1460 4647 1561 4710 clarus

68 4754 143 4825 tque
160 4748 318 4822 septennio
337 4748 452 4825 integro
467 4792 474 4822 ,
491 4745 586 4807 donec
609 4763 687 4826 anno
711 4747 788 4809 4474
845 4747 974 4806 summis
991 4743 1370 4806 Pontificibuslnnocentio
1383 4741 1560 4821 praesertim

10 4892 14 4899 .
69 4843 156 4904 Pisas
176 4840 292 4899 accitus
309 4843 417 4916 venit,
435 4848 471 4902 ut
485 4840 553 4917 jura
570 4839 694 4920 legeret,
708 4840 790 4919 quod
845 4840 930 4913 Vlll,
949 4844 980 4899 et
994 4838 1165 4899 Alexandro
1182 4838 1239 4906 vt,
1257 4836 1368 4898 charus
1385 4841 1416 4896 et
1433 4837 1462 4894 in
1477 4851 1562 4912 prae

30 4943 31 4947 ’
70 4951 110 4994 ex
129 4933 196 4992 eius
212 4936 404 4995 annotatione
417 4937 445 4995 in
461 4933 615 4995 064307.
632 4932 792 4995 Bibliothe·
845 4935 909 5006 444,
927 4933 1037 5010 quibus
1055 4934 1085 4992 in
1103 4930 1361 4993 administratione
1380 4946 1481 4991 rerunt
1499 4944 1563 4987 ma·

70 5043 124 5086 eae
151 5023 219 5086 eius
235 5024 390 5090 discimus.
407 5027 494 5088 Anno
512 5026 633 5088 demum
653 5028 730 5088 4484
750 5029 793 5087 44-
847 5027 1083 5089 rimimomcnti
1098 5026 1233 5101 adstitit,
1245 5016 1587 5103 6464444444444664-
