3458 5332
197 362 257 426 aaa
763 353 1127 418 consnnrrns

195 468 241 529 bri
258 467 307 527 111.
323 466 366 526 Da
382 462 532 523 nobilitate
543 459 679 535 Cllristi,
697 461 762 521 libri
780 463 914 539 totidem.
1012 464 1039 523 6.
1057 464 1099 523 De
1116 463 1209 538 Fata,
1227 459 1263 522 de
1280 457 1494 537 eruderate,
1512 457 1548 519 dr
1565 459 1727 521 naue—

197 563 240 622 De
258 558 398 620 laudibus
415 555 550 628 CHristi,
571 555 774 634 Panegyricus
794 559 917 635 quintu·
970 555 1146 632 stinationc,
1164 562 1194 616 ct
1209 554 1245 616 de
1264 552 1341 614 bona
1355 553 1482 635 [664666
1493 554 1559 615 libri
1572 555 1639 615 Xll.
1650 556 1727 617 ΒΕ

195 655 265 733 pler
283 652 320 712 de
337 649 521 709 sublimitate
537 647 616 725 ejus,
628 649 666 709 de
675 648 914 726 admirabilitate,
971 650 1172 728 singularibus
1194 647 1381 728 argumentis
1403 648 1469 708 libri
1492 655 1570 708 tres.

194 747 344 814 bonitate,
361 742 541 816 clementia,
558 748 590 801 et
606 743 799 804 amabilitate.
814 745 856 804 Be
874 744 915 805 si·
1009 741 1037 802 7.
1055 742 1268 804 Eucharistiae
1288 738 1508 803 memorabilis.
1531 737 1727 802 66666666-

193 840 260 916 gnis
272 843 303 896 et
318 836 494 908 insomniis,
511 851 677 913 eorumque
694 838 915 915 interpretatio·
969 835 1089 917 Spiepcl
1109 838 1207 914 4666,
1231 839 1280 900 42.
1534 890 1535 893 ,

192 930 281 990 61666
298 928 364 989 libri
382 929 431 988 111.
448 926 492 990 De
509 944 564 988 sen
578 929 741 1007 sophorum
759 946 915 992 6661666-
993 970 996 974 ι
1011 932 1039 990 8.
1056 933 1100 992 Be.
1111 933 1142 992 S.
1153 929 1398 991 Annaetrinubio
1415 935 1447 989 et
1464 931 1557 989 trium
1568 927 1727 1003 filiarum:

191 1024 231 1082 tis
245 1037 412 1100 eorumque
428 1022 685 1084 confutationibus
702 1022 766 1085 libri
779 1025 829 1084 111.
841 1025 919 1085 Ora-'
969 1023 1036 1100 ejus
1053 1026 1259 1085 asservatione
1274 1024 1340 1085 libri
1356 1025 1409 1085 111.

191 1118 232 1176 416
249 1118 280 1175 16
294 1115 433 1195 primitiis
448 1114 582 1191 hiberti,
598 1114 824 1196 Archiepisoopi
837 1120 916 1196 blag-
1011 1118 1039 1177 9.
1057 1117 1141 1196 Opus
1158 1115 1379 1194 Quodlibeticae
1395 1112 1622 1195 disputationis.

190 1209 410 1288 deburgensis,
436 1208 614 1279 biarchionis
640 1209 786 1270 Brandeb.
816 1209 917 1272 habita
1014 1212 1062 1271 60.
1078 1210 1121 1270 De
1136 1208 1301 1290 hypocrisi,
1316 1208 1530 1291 superstitibus
1544 1205 1727 1286 etdios'nrq

190 1303 311 1363 Berlinii
329 1303 358 1362 in
374 1300 449 1367 6666
466 1304 500 1361 0.
512 1304 621 1362 Mariae
639 1301 694 1363 66.
708 1305 795 1365 4543.
808 1302 916 1364 611616
972 1301 1069 1380 tione,
1087 1304 1116 1362 in
1135 1321 1195 1383 quo
1211 1321 1301 1382 opere
1317 1302 1531 1382 deprehensus
1547 1307 1596 1362 est
1612 1302 1727 1383 loa*-

188 1398 334 1458 electione
351 1397 487 1459 [lectoris
502 1395 683 1457 Academiae
696 1398 870 1475 Lipsiensis.
882 1400 916 1458 16
973 1400 1022 1457 nis
1039 1399 1097 1458 Pici
1113 1398 1250 1475 vestigiis
1268 1398 1417 1457 insistere.

189 1496 375 1552 statutorum
403 1490 550 1564 lectione,
572 1491 729 1551 Orationes
750 1492 786 1552 11.
803 1490 869 1552 6166
886 1493 916 1552 16
1014 1493 1045 1552 44
1078 1492 1121 1551 Be
1138 1507 1174 1550 eo
1189 1507 1231 1548 an
1242 1489 1375 1550 animati
1391 1486 1477 1550 Coeli
1488 1488 1610 1569 possint
1621 1486 1724 1566 deit,-

188 1583 482 1645 commendationem
495 1582 916 1660 saheologtaezethnaaoa.
973 1587 1003 1644 et
1016 1582 1052 1644 de
1066 1582 1241 1643 animarum
1259 1579 1519 1644 Coelinobititate.
1719 1561 1727 1589 ¹

188 1679 308 1757 Lipsiae
320 1680 350 1738 in
361 1677 436 1739 aede
446 1678 476 1738 S.
489 1677 621 1738 Thomae
633 1674 733 1737 habita
748 1677 778 1737 in
789 1679 916 1756 gratiam
1013 1673 1705 1757 42661116161661616161666691661161611616,

188 1770 354 1833 Cardinalis
378 1770 555 1831 llelehioris.
583 1770 798 1831 Universitatis
825 1771 918 1832 stadii
1014 1774 1062 1834 l3.
1088 1773 1255 1849 Praecepto
1285 1768 1518 1848 coagmentandi
1545 1767 1698 1841 11661666»

192 1864 421 1926 Brancoiurtani
450 1863 487 1925 ad
515 1863 645 1925 Oderam
669 1864 833 1944 invulgatio
860 1865 916 1926 66.
975 1864 1141 1927 Orationes.

189 1959 286 2034 6606,
301 1959 341 2020 26
355 1959 441 2019 Febr.
467 1956 514 2019 66
542 1957 824 2019 Francalurdianam
843 1957 918 2020 666·
1013 1961 1061 2021 44.
1080 1957 1237 2020 Orationes
1253 1958 1330 2019 6666
1345 1956 1494 2018 664503
1509 1958 1680 2034 inexceptio

118 2059 121 2065 ’
187 2050 319 2113 demiam
336 2051 384 2112 616
402 2053 597 2112 Pentecostes
608 2048 666 2111 66.
680 2052 768 2114 4544.
780 2051 826 2113 66
844 2069 926 2114 ean·-
971 2070 1041 2114 nem
1059 2054 1161 2134 Legati
1179 2050 1348 2114 cardinalis
1368 2049 1557 2111 Gurzensis:
1574 2049 1623 2111 6116
1635 2050 1675 2110 he

187 2144 277 2221 dem,
295 2145 470 2207 Cotbusiam
492 2145 672 2204 translatam
693 2144 731 2205 ob
751 2146 916 2207 inclemen-
970 2146 1031 2207 bita
1053 2147 1082 2204 in
1096 2145 1170 2206 aula
1185 2144 1333 2205 Boctorali
1352 2141 1450 2204 Stadii
1468 2144 1619 2221 Lipzeasis
1633 2159 1672 2220 pro

188 2240 295 2299 liorem
319 2245 421 2299 aerem
437 2244 468 2297 et
481 2238 675 2316 pestiferum..
684 2235 730 2299 66
747 2239 862 2301 clerum
884 2240 913 2299 in
970 2240 1099 2318 receptis
1117 2237 1286 2317 insignibus
1301 2253 1319 2297 6
1337 2239 1457 2314 Legata.
1470 2235 1672 2315 congratulata

194 2332 300 2394 Studio
321 2331 574 2392 Francolnrdiano
594 2330 649 2392 66.
674 2332 761 2394 6529.
776 2331 823 2394 66
840 2331 916 2395 666·
970 2335 1012 2395 ria
1030 2349 1083 2413 pro
1099 2331 1259 2393 cardinale
1276 2332 1435 2393 Brixiensi.
1458 2328 1670 2392 luvocatoriaia

186 2424 317 2486 damiam
332 2424 616 2485 Francoiurdianam
632 2427 661 2484 in
677 2428 864 2489 assumtione
881 2431 914 2490 B.
970 2429 1063 2488 missa
1078 2420 1247 2498 Quodlibeti
1264 2426 1439 2504 Lipseasis,
1457 2423 1516 2485 66.
1535 2422 1616 2486 4197.

184 2518 335 2595 Virginis:
351 2509 384 2576 16
400 2517 766 2581 0661666166666666661.
780 2518 915 2584 66666-
1010 2523 1057 2582 45.
1075 2520 1117 2579 Be
1136 2518 1335 2580 liaioersitate
1350 2522 1380 2578 et
1394 2517 1526 2579 Ciot'tate
1542 2514 1670 2599 Lipsensi,

191 2611 321 2671 damiam
339 2611 621 2673 Francoiurdianam
638 2615 668 2672 in
685 2614 839 2675 Pascbate.
857 2617 913 2678 Pro
969 2615 1145 2676 carminum
1162 2613 1228 2674 libri
1245 2612 1313 2675 duo.

186 2705 911 2784 auspiciisDisputationisQuodlibeticaeh.iblit.
1008 2707 1248 2769 CONSENTIUS
1272 2705 1499 2767 Grammaticus
1527 2703 1674 2769 06664666

227 2801 255 2861 2.
272 2797 563 2878 Erroloprism,sive
578 2802 736 2862 Tractatus
753 2801 790 2878 de
807 2788 926 2863 errori?
970 2800 1180 2879 napolitanus,
1205 2799 1244 2860 de
1268 2799 1360 2876 cujus
1389 2799 1491 2862 libello
1519 2799 1556 2861 de
1579 2794 1675 2860 autu

186 2892 244 2954 bas
260 2891 506 2971 Philosophorum
524 2893 640 2955 invFide
658 2893 836 2970 Christiana,
847 2894 913 2956 liri
968 2893 1120 2955 Orationis
1129 2891 1273 2972 partibus
1284 2893 1410 2954 Nomine
1427 2899 1458 2952 et
1480 2892 1675 2955 verbodiriia

188 2986 325 3058 stotelis,
343 2987 596 3048 Commentataris
621 2986 794 3049 hvicennae
815 2994 846 3049 et
862 2987 914 3049 61-
965 2985 1147 3048 Bibliotheca
1174 2989 1278 3047 Latina
1303 2986 1350 3046 lV.
1370 2984 1397 3045 7.
1416 2984 1676 3049 6166616166

186 3079 288 3157 kindi,
305 3097 376 3142 cum
403 3082 659 3153 confutationibus
674 3081 847 3144 eorundem.
866 3085 912 3143 1.1-
966 3080 1228 3157 (1068666108,
1245 3080 1283 3141 66
1300 3097 1390 3158 quem
1419 3079 1537 3142 Sidonii
1554 3082 1604 3143 lib.
1618 3077 1677 3140 vlit

185 3176 269 3255 psiae
286 3177 384 3251 6693,
403 3176 430 3236 4.
966 3174 1107 3253 Epistola
1130 3175 1156 3234 4.
1178 3173 1268 3235 Certe
1290 3174 1368 3235 alius
1384 3174 1419 3246 Q.
1438 3173 1678 3249 0066666106,

226 3269 254 3329 3.
273 3271 431 3332 sectarum
444 3317 451 3348 ,
466 3288 626 3347 morum,
644 3269 911 3334 baducinationum
964 3279 1055 3347 quem
1078 3266 1186 3329 laudat
1207 3268 1371 3329 Svetonius
1392 3271 1423 3329 in
1445 3271 1581 3330 Terentii
1602 3271 1663 3330 vita

187 3367 220 3423 et
236 3363 436 3425 schismatum
447 3365 484 3425 ab
494 3367 607 3444 origine
618 3365 712 3425 terme
723 3367 911 3428 Christianae
1005 3360 1247 3423 CONSTANTlS
1268 3360 1440 3422 Sacerdotis
1461 3357 1681 3425 Sermonemdr

187 3455 342 3517 Ecclesiae
354 3455 392 3516 ad
405 3458 575 3536 Wimpiuae
586 3464 721 3536 tempora
738 3461 912 3520 concisionis
961 3453 1103 3534 passione
1120 3451 1305 3533 6491666613.
1322 3454 1546 3520 Bmmerammi
1559 3456 1682 3536 Martyris

185 3548 465 3625 anacephaleoseos,
476 3567 536 3610 una
551 3565 620 3610 cum
638 3551 801 3628 aliquantis
813 3553 914 3632 Pigar·
966 3546 1058 3608 edidit
1072 3547 1265 3609 Bemhardus
1289 3550 1348 3609 666
1369 3555 1441 3609 tom.
1457 3550 1507 3610 111.
1527 3549 1683 3612 66666646

188 3638 341 3713 dicarum,
363 3639 587 3718 Wiglehcarum
614 3649 645 3703 et
672 3645 912 3707 Lutberanarum
966 3658 1033 3701 rum
1051 3646 1137 3719 parte
1148 3642 1167 3703 2
1180 3685 1188 3716 ,
1200 3659 1266 3721 pag.
1281 3642 1384 3702 24-26.
1400 3643 1445 3702 Be
1459 3645 1493 3703 B.
1505 3645 1685 3706 616166666-

188 3729 360 3792 haeresium
372 3733 641 3811 confutationibus,
653 3736 796 3799 librorum
810 3745 912 3818 partes
966 3751 1015 3794 mo
1033 3734 1088 3795 boc
1106 3734 1221 3796 dictum
1238 3752 1330 3814 supra
1348 3737 1377 3795 in
1394 3733 1567 3799 hBlBONB
1584 3757 1612 3818 p.
1639 3735 1685 3800 426

188 3825 455 3887 tres.Fraacolurti
472 3826 511 3887 ad
528 3827 913 3910 0661664628161666·
967 3834 999 3887 et
1016 3829 1076 3891 636
1097 3831 1126 3889 16
1144 3829 1333 3892 hunuano.

187 3918 281 3999 lagiae
298 3920 432 3998 quiaque
449 3937 502 4000 pro
520 3921 678 4003 Theologia
700 3929 806 3984 contra
829 3926 913 3987 llar-
1010 3923 1299 3985 CONSTANTINUS
1324 3926 1401 4004 Papa
1419 3924 1458 3986 ab
1475 3924 1568 3988 6666
1584 3922 1686 3988 anari

189 4011 284 4072 tirsum
299 4011 475 4076 Pollichium
492 4013 728 4077 Mellerstadium
744 4018 912 4092 61066666-
968 4015 1035 4077 708.
1053 4019 1125 4080 liar.
1143 4018 1160 4078 l
1178 4017 1216 4078 ad
1234 4017 1302 4079 765.
1328 4019 1413 4079 biart.
1432 4020 1481 4080 68.
1499 4018 1581 4098 6166
1598 4021 1683 4083 brevis

188 4114 230 4167 tio
246 4114 350 4168 contra
367 4106 505 4186 ejusdem
523 4112 790 4188 tergiversationes
810 4119 841 4172 et
861 4111 913 4173 ad·
965 4109 1103 4191 Epistola
1116 4109 1161 4172 ad
1172 4108 1392 4172 brithwaldum
1402 4159 1412 4188 ,
1424 4110 1687 4196 hrcbiepisaapau

189 4217 299 4262 versus
320 4201 578 4264 Mellerstadianas
594 4203 774 4266 offensiones
791 4223 914 4285 respon·
968 4204 1538 4284 06616661666616,666161666666161
1556 4207 1688 4289 Episcopi

189 4296 233 4353 sio
251 4293 450 4374 hpolagetica.
967 4299 1188 4378 Wigomiensis
1203 4315 1257 4377 pro
1273 4296 1429 4360 suadenda
1444 4299 1619 4380 imaginum
1635 4301 1691 4364 cal

231 4389 258 4449 1.
276 4391 376 4468 Super
389 4386 536 4452 IVlibros
547 4392 769 4479 Sententiarum
782 4396 913 4474 epitome
968 4398 1012 4465 tu,
1029 4398 1061 4454 et
1077 4393 1115 4453 de
1132 4392 1263 4454 coneilio
1280 4389 1427 4467 habendo,
1445 4393 1692 4477 instituendoque

190 4483 341 4545 variarum
370 4487 563 4564 opinionum,
579 4485 669 4563 cujus
697 4488 771 4548 liber
796 4489 914 4566 primus
968 4486 1116 4551 coenobio
1129 4491 1231 4547 exstat
1244 4484 1324 4565 apud
1334 4485 1579 4564 Speelmanaum
1591 4491 1691 4552 toml.

193 4592 326 4639 excusus
344 4581 469 4658 Lipsiae.
968 4580 1169 4642 conciliorum
1186 4581 1357 4640 Britanniae
1372 4595 1440 4658 pag.
1455 4581 1526 4643 243.
1544 4585 1690 4646 Labbeura

232 4669 260 4727 5.
275 4669 461 4751 Baptanatio
482 4673 562 4735 initii
575 4672 735 4753 Evangelii
752 4673 914 4736 secundum
969 4679 1041 4732 tom.
1053 4673 1100 4732 Vl.
1112 4672 1311 4734 conciliarum
1322 4687 1388 4751 pag.
1403 4672 1491 4734 4397.
1505 4676 1691 4739 llarduiaum

191 4760 353 4843 loannem,
371 4774 401 4828 et
414 4766 549 4847 Spmbali
561 4768 772 4829 athanasiani.
970 4772 1041 4827 tom.
1060 4767 1099 4826 lll
1114 4782 1197 4844 ,pag
1214 4762 1301 4827 4827.
1316 4763 1381 4825 6116
1398 4762 1441 4824 66
1456 4766 1615 4831 Edaldum
1625 4815 1633 4846 ,
1645 4770 1694 4832 hr-

968 4860 1191 4938 cbiepiscopum
1214 4860 1434 4934 Viennensem,
1452 4878 1549 4938 quam
1571 4865 1694 4926 Ladoni-

235 4975 330 5033 „vm
341 4985 370 5030 1,
384 4982 437 5033 „p
449 4987 550 5036 mm,
562 4986 693 5038 mm,
707 4986 918 5038 „megum
968 4969 1024 5015 cus
1035 4953 1163 5014 lacobus
1174 4969 1241 5031 pag.
1252 4953 1300 5014 58.
1312 4953 1514 5017 Bibliothecae
1526 4959 1693 5020 Pontifiaiae

190 5055 261 5101 rom.
279 5053 305 5110 ι,
325 5066 382 5116 pag.
398 5057 448 5119 ar,
465 5071 518 5122 seq.
966 5045 1027 5123 jam
1045 5048 1162 5106 nomvit
1179 5046 1235 5124 legi
1253 5047 1283 5105 in
1297 5046 1482 5110 Bibliotheca
1494 5051 1690 5126 floriacensi,
