3464 5318
688 322 1051 383 rttlljttliENSls
1133 334 1135 338 “
1602 328 1621 386 5

119 435 155 495 43
177 430 366 491 1444444460.
396 430 553 493 Excusum
571 439 619 492 est
641 447 717 510 opus
734 433 845 492 Pisciae
900 432 979 490 mius
997 433 1025 490 in
1048 432 1180 508 catalogo
1197 434 1278 492 MSS.
1302 433 1515 493 lliceardianor.
1540 435 1568 491 44
1585 451 1620 492 eo

119 544 165 587 44.
185 525 264 586 4486
280 523 329 591 die
340 523 374 584 44
400 524 547 583 Octobris.
566 522 703 584 Alterum
720 530 768 584 est
784 528 846 584 444-
899 526 1010 583 etenim
1023 523 1094 584 haec
1107 525 1184 600 lego:
1197 526 1364 584 Froncesco
1377 523 1621 601 Griselinitlre

121 619 207 679 sdem
219 616 420 678 Bibliothecae
430 617 572 676 volumen
584 619 734 694 signatum
746 636 775 678 n.
788 619 845 680 482
901 616 975 693 tino)
1000 617 1031 676 in
1055 617 1150 675 Greco
1171 622 1199 676 et
1212 617 1315 677 Latino
1337 616 1505 677 doctissimo
1526 616 1621 698 inseii-

121 713 289 771 continens.
307 706 440 771 Consilia
453 706 847 771 Francisciriretiniderlc-
900 708 1018 768 cissimo
1026 708 1155 788 gionine,
1169 706 1192 767 il
1201 707 1289 788 pirate
1299 706 1377 767 nella
1387 707 1459 768 cittii
1467 707 1502 768 di
1512 708 1622 789 Napoii

122 800 204 862 coitis
221 818 289 861 cnm
316 801 483 879 repertorio
505 819 609 861 eornm
636 818 713 880 quoe
734 801 765 861 in
782 801 846 863 istis
900 801 1047 862 cascondn
1067 804 1144 861 morl
1165 802 1198 862 di
1211 799 1307 861 subito
1328 800 1450 861 esserrdo
1468 802 1521 880 pid
1542 807 1619 862 stato
1728 804 1731 809 ’

123 893 254 956 consiliis
262 893 457 974 praescripta
468 899 538 955 sunt
545 893 624 953 edito
630 912 689 973 per
699 895 846 957 Simonem
901 893 1062 954 esominato
1079 894 1136 953 ein
1152 893 1272 973 disputo
1285 891 1409 972 publico
1419 900 1560 973 moneto,
1575 884 1620 954 oi-

124 986 159 1047 de
177 985 353 1048 Octnnoonr's
368 985 406 1046 de
421 986 525 1047 444444
545 989 575 1048 V.
591 987 618 1046 J.
636 990 671 1047 D.
687 988 743 1048 dns
759 1005 848 1047 cone
902 981 968 1043 iera
983 985 1102 1066 qnando
1118 986 1258 1047 trudnsse
1279 984 1425 1065 lepistole
1442 985 1474 1046 di
1492 985 1619 1064 Diogene

123 1080 224 1139 44444444
252 1077 407 1152 ordinarie
429 1079 583 1158 tepentem,
600 1098 637 1140 oc
664 1080 794 1141 eiusdem
810 1084 846 1140 D.
900 1075 932 1135 in
947 1079 1050 1138 Latino
1063 1081 1179 1158 oPopn
1196 1079 1248 1138 Pio
1258 1079 1298 1138 H.
1312 1078 1455 1157 Pontefice
1464 1078 1617 1141 dirissimo.

125 1172 284 1234 Frortcisci
291 1172 408 1257 seroris
415 1171 605 1251 filiueeedito
615 1173 693 1234 Pisis
704 1192 753 1233 an.
767 1176 846 1238 4482
900 1169 974 1241 Quis
989 1189 1046 1231 non
1064 1172 1165 1232 videat
1181 1171 1329 1249 designari
1341 1173 1422 1231 hisce
1437 1171 1537 1230 verbis
1551 1182 1621 1230 ver-

123 1266 170 1326 die
185 1282 259 1327 4444
274 1267 316 1331 23
333 1265 446 1328 mensis
461 1266 574 1328 Martii·
590 1267 698 1327 l'alent
714 1268 787 1328 haec
808 1270 845 1328 ad
901 1266 1014 1324 sionem
1037 1266 1116 1325 illam
1139 1267 1295 1324 Franciseo
1315 1263 1437 1324 hecolto
1457 1263 1618 1339 tributam,

123 1358 336 1439 perficiendam
363 1361 565 1437 genealogiam
594 1360 723 1420 iamiliae
743 1360 848 1435 44444-
900 1352 1038 1434 quaeque
1054 1360 1104 1418 Pio
1115 1359 1150 1417 ll.
1169 1347 1302 1418 Pontifici
1320 1358 1462 1435 inscripta
1475 1353 1619 1416 estll'lc

124 1461 223 1513 torum
246 1453 284 1513 ab
309 1451 414 1513 eodem
435 1453 479 1513 Cl.
506 1451 706 1512 Mazzuchello
736 1453 844 1513 ibidem
900 1448 983 1509 rebat
999 1450 1123 1510 Attilius
1139 1452 1195 1509 iste
1213 1450 1314 1509 seculo
1330 1450 1408 1508 xvi.

124 1563 189 1623 pag.
208 1542 247 1605 60
269 1544 447 1622 deductam,
465 1547 494 1603 in
516 1563 576 1623 qua
597 1546 670 1605 haec
695 1547 860 1611 Francisci
937 1542 1068 1604 incohes
1094 1543 1343 1604 ACCONEh'SlS.
1371 1541 1440 1602 vide
1456 1543 1544 1617 inira,
1561 1540 1618 1602 tn-

124 1654 208 1698 soror
228 1639 352 1698 minime
374 1638 517 1714 signatur.
549 1640 582 1697 ln
604 1636 708 1697 eodem
734 1642 845 1717 pariter
898 1636 1031 1698 COBUS.

123 1732 352 1791 voluminecum
361 1732 505 1809 superiori
515 1747 603 1809 opere
613 1738 844 1808 compactasunt
937 1730 1120 1792 Frcnctscns
1136 1730 1619 1804 ACCURSlUSFlorentinus,di

123 1823 260 1884 eiusdem
278 1822 438 1883 Francisci
458 1821 677 1901 elegantissimo
688 1823 718 1883 in
733 1821 796 1884 Lib.
812 1827 842 1890 2.
898 1825 1032 1903 scipulus
1053 1826 1177 1898 444444,
1195 1825 1298 1899 JCtus,
1307 1822 1494 1901 coryphaeus
1506 1824 1618 1901 glossa-

123 1913 328 1975 Decretniinm
353 1915 467 1995 scro'ptn
493 1933 606 1976 excusa
627 1920 773 1979 Bononiae
794 1938 841 1980 an.
898 1923 997 1975 torum
1014 1918 1096 1976 iuris
1112 1910 1218 1977 Ginilis
1235 1917 1367 1977 universi
1385 1916 1616 1992 celeberrimus,

126 2011 197 2071 4484
232 2008 280 2070 die
301 2010 339 2070 20
366 2009 547 2069 Decembris.
569 2010 664 2068 Vertit
689 2013 779 2071 etiam
806 2031 843 2073 ex
898 2008 977 2068 diem
992 2009 1062 2068 obiit
1079 2011 1226 2069 Bononiae
1237 2008 1271 2069 ll.
1286 2009 1319 2069 C.
1338 2007 1553 2069 l259*aetatis
1568 2008 1615 2068 78.

124 2104 239 2164 Graeco
249 2102 458 2180 chrysostomi
468 2103 604 2162 homilias
615 2105 802 2165 LXXXVlll.
815 2108 844 2165 in
882 2103 941 2161 'De
957 2119 992 2161 eo
1008 2103 1146 2163 h'icolaus
1162 2104 1361 2178 llleronymus
1378 2100 1575 2177 Cundlingius
1587 2104 1616 2159 in

124 2197 249 2256 ioannis
259 2193 455 2271 Evangelium
470 2192 566 2255 editas
576 2196 686 2256 llumae
697 2213 744 2256 44.
758 2199 843 2259 4470.
899 2193 1020 2254 historia
1037 2195 1196 2273 posthuma
1213 2192 1396 2262 eruditionis,
1407 2191 1487 2252 edita
1501 2208 1618 2270 germa-

125 2289 205 2349 8444
225 2289 277 2365 qui
299 2290 329 2346 in
355 2302 390 2348 ea
410 2289 541 2348 Romana
568 2287 696 2349 editione
716 2307 845 2352 excusas
900 2289 964 2348 nice
981 2290 1062 2348 Tom.
1081 2290 1099 2348 2
1117 2305 1181 2366 pag.
1195 2286 1271 2348 4786
1289 2303 1350 2362 seq.
1368 2292 1400 2344 et
1415 2284 1513 2345 Julius
1528 2287 1617 2362 h'iger

125 2382 334 2441 homiliasnon
349 2379 469 2458 quidem
480 2396 600 2457 omues,
612 2379 665 2440 sed
676 2399 714 2440 44
726 2384 846 2444 iisnon-
900 2384 928 2440 in
946 2383 1073 2442 Historia
1090 2383 1229 2459 Scriptor.
1247 2380 1432 2440 Florentinor
1443 2379 1494 2459 484
1511 2374 1617 2455 quidi-

124 2474 225 2535 nullas
240 2473 448 2534 tantummodo
464 2472 621 2534 hretinum
638 2474 745 2546 tulisse
757 2479 848 2539 inter·
900 2492 1023 2535 versum
1040 2476 1078 2535 ah
1094 2476 1149 2535 hoc
1165 2472 1345 2534 dccrtrsinm
1361 2472 1472 2532 hannis
1488 2470 1617 2550 discipu-

124 2574 242 2646 pretem
259 2568 370 2643 ierant,
380 2582 450 2627 cum
464 2566 538 2626 aliae
549 2566 585 2626 ad
598 2567 688 2627 alium
700 2571 847 2648 antiquio
900 2569 962 2628 lum
980 2568 1065 2646 fingit
1076 2570 1131 2646 (ex.
1143 2571 1234 2629 Tomo
1244 2563 1432 2628 4449244044.
1447 2565 1615 2639 Patavinae)

122 2677 187 2721 rem
214 2661 403 2739 pertineant,
431 2659 484 2719 sed
511 2659 577 2720 ialsi
604 2659 669 2719 illos
683 2661 845 2744 ⁸redarguit
912 2660 1121 2722 .Franciscns
1145 2660 1367 2721 ACCUllSlUS.
1389 2658 1557 2731 Francisci,
1578 2655 1616 2716 de

122 2752 246 2812 editoris
268 2754 434 2828 monitum,
457 2752 537 2830 quod
555 2753 585 2810 in
612 2755 701 2830 priori
731 2757 845 2833 pagella
900 2751 1034 2828 quoiam
1051 2753 1126 2829 dixi,
1144 2754 1237 2830 iilius,
1254 2754 1349 2814 JCtus
1365 2760 1395 2812 et
1412 2753 1475 2830 ipse
1491 2755 1523 2810 ct
1538 2748 1616 2827 glos-
1670 2766 1672 2770 ·

121 2846 245 2923 legitur:
263 2845 426 2906 Francisco
445 2843 514 2904 hnic
531 2848 646 2918 nostro,
662 2844 748 2906 cnins
762 2851 845 2908 tran
900 2845 1034 2906 sularum
1052 2849 1080 2906 in
1103 2850 1196 2925 Leges
1216 2848 1320 2907 civiles
1336 2852 1452 2918 auctor,
1469 2859 1560 2921 quem
1575 2834 1614 2902 'ad
1664 2872 1667 2877 >

120 2935 280 2998 sindonem
304 2935 357 2996 noc
377 2952 524 3017 praesens
551 2935 678 2996 continet
698 2937 842 3001 4444444444.
897 2937 932 2997 4.
960 2939 993 2999 C.
1017 2941 1093 3001 4300
1115 2942 1289 3019 pervenisse
1311 2938 1412 2999 scribit
1433 2936 1615 2998 Trithemius
1690 2992 1696 3001 ,

121 3033 246 3092 Praeter
266 3031 321 3090 hos
343 3031 572 3090 commentarios
595 3033 624 3088 in
645 3031 789 3093 loannem
813 3035 842 3093 in
898 3028 935 3090 de
956 3032 1155 3110 Scriptorihus
1174 3033 1289 3094 Eccles.
1311 3049 1374 3110 cap.
1393 3032 1460 3091 529.
1482 3028 1555 3089 Vide
1576 3026 1614 3087 de

119 3123 193 3184 Cod.
212 3124 260 3184 59.
277 3124 336 3184 lis.
359 3122 556 3183 Bibliothecae
578 3124 673 3183 Felini
694 3140 748 3184 sex
768 3126 842 3188 aliae
897 3124 1103 3185 eoSeldenum
1114 3124 1233 3185 dissert.
1244 3124 1281 3184 ad
1292 3124 1406 3184 Fletam
1416 3139 1479 3200 cap.
1491 3122 1518 3179 8.
1530 3124 1612 3181 Tom.

119 3216 264 3294 leguntur
286 3216 423 3276 homiliae
441 3216 470 3275 S.
494 3217 617 3275 ioannis
634 3217 850 3294 Chrysostomi-
898 3216 925 3276 2.
943 3217 1074 3295 Operum
1096 3235 1160 3295 pag.
1184 3216 1261 3280 4097
1283 3233 1346 3294 seq.
1363 3215 1409 3277 444
1429 3213 1569 3275 Eduardo
1591 3215 1612 3272 l.

118 3328 156 3370 cx
179 3308 295 3370 4444444
317 3308 409 3370 huius
430 3310 692 3387 interpretatione,
714 3328 841 3388 quarum
898 3309 1088 3370 sollicitatum
1101 3312 1129 3369 in
1140 3308 1277 3388 llngliam
1292 3316 1326 3370 ut
1340 3304 1523 3369 4444444444.
1536 3304 1613 3366 liin

118 3402 281 3464 nonnullas
298 3401 347 3462 ille
363 3401 473 3461 direxit
499 3399 718 3462 Archidiecono
741 3403 844 3465 4444444-
898 3405 1013 3465 notavit
1030 3403 1178 3465 Seldcnus
1194 3403 1231 3463 ad
1252 3404 1366 3463 Fletam
1383 3418 1448 3480 pag.
1470 3400 1538 3460 526.
1553 3396 1612 3458 Sed
1628 3470 1632 3477 .

118 3496 178 3554 tino
191 3496 246 3556 SS.
262 3493 382 3554 Domini
394 3492 491 3554 nostri
503 3493 644 3567 Dntorio,
662 3497 843 3573 4444444444-
897 3497 1044 3556 Bononiae
1061 3497 1168 3556 obiisse
1184 3502 1304 3556 constat
1319 3494 1423 3554 eodem
1440 3510 1510 3573 cum
1530 3498 1614 3570 patre

116 3589 184 3650 cula
199 3588 237 3649 de
254 3604 310 3648 suo
320 3587 444 3648 adiecta.
454 3594 611 3648 contextae
623 3595 694 3648 sunt
705 3589 842 3650 homiliae
896 3590 1012 3649 tumulo
1037 3588 1199 3649 conditum.
1226 3587 1313 3648 Dedit
1333 3590 1423 3648 etiem
1449 3586 1612 3646 orationem

116 3683 193 3742 istae
209 3697 248 3742 ex
266 3681 416 3760 excerptis
433 3680 769 3758 S.J0.Crhysostomiet
781 3683 841 3759 iere
896 3698 949 3758 pro
965 3679 1070 3759 Anglis
1089 3697 1188 3741 eoram
1210 3679 1479 3741 summol‘ontiircc
1492 3677 1612 3752 dictam,

117 3770 304 3853 respondent
319 3773 430 3850 eclogis
448 3772 477 3849 S.
494 3773 618 3832 ioannis
634 3773 841 3852 chrysostomi
896 3791 986 3850 quam
1011 3774 1082 3834 olim
1107 3791 1161 3853 ego
1185 3773 1258 3833 dum
1283 3774 1414 3834 Viennae
1441 3787 1559 3850 agerem
1580 3772 1612 3829 in

114 3868 144 3926 44
155 3864 311 3927 4444444.
321 3864 463 3945 editionis
472 3866 680 3926 liontiauconii
691 3868 840 3944 legendis,
896 3867 1005 3927 Codice
1026 3867 1155 3945 quodam
1166 3866 1301 3927 Biblioth.
1314 3865 1551 3927 vindebonensis
1572 3863 1614 3921 oi-

115 3974 303 4038 quamquam
323 3963 355 4019 et
376 3956 542 4033 interdum,
564 3958 616 4018 sed
638 3976 716 4028 raro,
732 3961 768 4021 ab
783 3962 840 4021 illis
895 3960 985 4020 iendi.
996 3960 1074 4021 Nihil
1091 3967 1191 4021 tamen
1208 3977 1246 4021 ex
1262 3975 1298 4019 44
1308 3958 1380 4018 mihi
1397 3957 1549 4034 descripsi,
1560 3970 1613 4013 cu·

115 4051 298 4132 discrepant.
316 4051 377 4112 Has
398 4056 471 4129 puto
491 4067 509 4110 4
528 4051 614 4111 Facio
630 4051 667 4112 de
684 4055 758 4112 viris
774 4054 840 4114 illu·
894 4054 942 4113 ius
969 4054 1164 4131 negligentiae
1183 4069 1269 4132 ¹nunc
1302 4068 1351 4112 444
1382 4051 1522 4129 poenitet.
1552 4048 1609 4108 Ex.

113 4144 227 4205 strihus
243 4140 370 4224 pagii
385 4143 549 4221 designari,
567 4160 636 4204 cum
659 4145 696 4205 ab
712 4147 837 4207 authore
893 4148 976 4206 Tom.
992 4148 1039 4206 Vl.
1058 4147 1124 4206 344.

113 4244 218 4298 nostro
231 4252 323 4296 versa
344 4237 447 4297 scribit
464 4253 502 4296 ex
524 4238 661 4316 origenis
682 4238 836 4316 philocalia
933 4242 1087 4303 Cercettns
1104 4240 1332 4312 ecclesius,
1350 4237 1498 4300 Francisci
1512 4233 1611 4311 junio

112 4329 276 4408 quaedam;
290 4334 410 4390 constat
425 4331 506 4389 enim
519 4332 664 4408 scriptum
677 4328 748 4391 illud
759 4333 836 4392 eelo-
891 4338 932 4394 ris
949 4336 1058 4410 irater,
1075 4336 1208 4412 praecoci
1229 4335 1346 4411 ingenio
1367 4332 1462 4392 JCtus
1477 4336 1509 4390 et
1525 4332 1607 4407 ipse,

112 4439 163 4500 gas
180 4439 220 4482 ex
238 4421 344 4481 multis
361 4422 499 4482 Patribus
515 4425 676 4484 continere.
890 4437 921 4488 et
941 4436 1044 4489 auctor
1064 4429 1279 4506 glossularum,
1295 4444 1372 4504 quae
1392 4426 1430 4486 ab
1450 4427 1514 4503 ipso
1537 4423 1609 4485 Cer-

149 4516 333 4574 Persuasum
355 4511 415 4574 huc
437 4530 533 4592 usque
555 4517 694 4577 omuibus
710 4525 741 4577 et
762 4521 833 4579 mihi
888 4521 1015 4582 nettinoe
1031 4523 1225 4600 appellantur.

112 4608 201 4667 etiam
221 4607 277 4666 luit
294 4609 464 4668 versionem
474 4608 678 4687 Epistolarum
694 4613 832 4690 Diogenis
928 4614 1103 4677 ACERBUS
1119 4616 1242 4678 Merena
1253 4614 1324 4674 Vide
1342 4610 1606 4686 intramtoltllllh.

111 4716 146 4760 44
167 4700 283 4760 Graeco
303 4701 461 4762 Francisco
482 4702 552 4762 huic
577 4702 699 4764 4444440
720 4705 829 4766 deberi.
926 4709 1131 4771 4044444008
1155 4709 1316 4770 hlonachus
1342 4707 1550 4766 cisterciensis
1576 4707 1606 4764 in

111 4792 194 4852 h'unc
211 4807 285 4851 vero
301 4808 414 4854 novum
431 4794 504 4855 mihi
514 4795 620 4856 accidit
634 4795 773 4859 didicisse
789 4817 827 4860 er
1430 4857 1436 4868 .

113 4884 220 4945 lere
236 4884 826 4972 4444444444444444,
876 4857 936 4982 n·
950 4855 1437 4991 444444440444
1453 4855 1664 4985 :linis

112 4974 254 5055 minis,
265 4979 352 5039 cuius
363 4978 561 5057 fragmentum
572 4983 707 5061 vulgavit
718 4987 753 5048 cl.
773 4991 827 5048 Lil-
877 5008 1062 5057 eerlslemlhus
1081 5012 1108 5055 Α.
1131 5005 1199 5054 lm.
1218 5009 1272 5054 lan.
1290 5017 1347 5067 pag.
1364 5004 1403 5055 01,
1421 5007 1481 5056 ellit.
1499 5006 1601 5054 44444444.
