3458 5332
641 331 987 408 aurianauus'
1458 340 1562 415 444

56 452 169 531 Tiguri.
181 448 297 511 Deinde
306 448 412 509 Latine
421 448 534 509 iterum
541 447 681 510 Genevae
692 451 779 526 4544,
830 457 932 511 contra
950 448 1040 511 444444
1055 458 1100 510 444
1113 451 1271 528 Codicum,
1286 462 1391 517 444444
1405 457 1563 523 diversita-

56 540 609 618 8444444444414444444444444.4556.
626 544 783 621 44444404-
837 551 898 605 tern
917 546 995 623 genii
1023 544 1192 620 scribendi,
1212 547 1264 623 qui
1285 549 1316 607 in
1336 550 1417 610 Senti
1438 555 1560 633 scriptis

55 635 313 715 thodoxographis
322 636 428 714 prioris
437 634 781 698 edit.hn.i555.etcum
837 635 1090 717 deprehenditur,
1117 643 1149 698 et
1184 645 1288 699 contra
1318 640 1393 701 alias
1429 648 1561 709 rationes

56 730 219 793 Paschasio
234 728 376 791 lietberto
395 728 535 790 Coloniae
552 728 623 791 4554
638 729 678 789 ·8.
699 735 731 789 44
751 732 781 789 44
834 747 852 791 4
889 732 986 792 viris
998 730 1095 791 doctis
1122 732 1244 807 allatas,
1269 734 1435 795 llatramuo
1465 738 1559 815 huic,

56 822 199 887 Guilelmi
213 822 379 899 Feuguerci
395 820 558 900 opusculis
573 822 712 902 Lugduni
727 826 784 884 lia-
837 822 945 885 librum
960 841 1051 902 quem
1072 824 1219 887 habemus
1230 829 1350 905 ,eripi,
1374 828 1556 909 Scotoque
1537 850 1559 905 44

58 925 199 980 lavorum
217 912 310 990 4579,
322 915 351 974 8.
361 916 409 976 44
402 930 433 973 44
442 915 582 993 catalogo
592 918 717 977 testium
727 916 783 977 ie
838 916 928 976 tribui
944 915 1063 977 debera.
1090 917 1218 997 Scriptis
1232 919 1388 998 prohibitis
1397 934 1560 985 accensent

57 1012 154 1073 ritatis
164 996 244 1071 'editt
261 1010 336 1071 Sim.
359 1008 514 1083 Goulartii,
541 1008 682 1069 Genevae
704 1010 782 1072 46448
836 1008 955 1069 indices
969 1010 1141 1088 Romanus,
1159 1010 1364 1089 Tridentinus,
1382 1016 1559 1094 liispanicus

59 1104 155 1166 14444
170 1118 244 1165 cum
257 1100 641 1179 notisioannislampadii,
655 1104 782 1163 Bremae
836 1102 1001 1181 Quirogae:
1023 1104 1160 1181 Belgicus
1187 1111 1290 1167 autem
1311 1108 1556 1187 interpretatione

58 1197 136 1259 4844
156 1196 186 1257 8.
204 1196 293 1267 44444,
315 1201 349 1256 44
374 1194 448 1255 alias
470 1193 609 1255 editionis
637 1193 780 1257 llendrci-
833 1194 1039 1273 adjuvandum
1052 1195 1175 1274 judicat.
1193 1198 1267 1259 Vide
1282 1200 1556 1265 Usscriumchc-

58 1289 123 1351 chio
133 1306 204 1370 pag·
221 1288 281 1349 5l3
296 1294 415 1348 notatas
423 1287 778 1366 pmeteream,postGal-
830 1287 990 1375 4444444444
1006 1293 1197 1353 successione
1215 1310 1281 1372 pag.
1299 1295 1338 1354 48
1358 1310 1423 1373 seq.
1443 1302 1476 1355 et
1487 1298 1556 1358 4444-

58 1384 128 1445 licas
140 1384 302 1443 versiones
314 1381 371 1441 hn.
388 1380 574 1455 45664548,
589 1382 776 1461 intimiora,
831 1382 912 1442 leum
931 1381 969 1443 de
991 1400 1048 1444 usu
1069 1385 1193 1445 Petrum
1212 1403 1279 1465 pag.
1298 1388 1350 1449 444
1366 1402 1429 1465 seq.
1444 1387 1553 1467 itaqua

58 1476 144 1539 4658.
157 1476 251 1537 etiam
265 1474 369 1535 Latine
383 1480 415 1534 et
430 1471 555 1549 Gallice,
571 1476 658 1534 Petro
668 1473 777 1535 44444444
831 1475 956 1535 Latinus
971 1476 1104 1537 Latinius
1119 1483 1190 1538 tom.
1204 1479 1217 1538 l
1232 1479 1433 1541 Bibliothecae
1445 1496 1554 1543 sacro-

57 1571 233 1648 interprete,
248 1568 368 1628 Parisiis
378 1565 434 1627 44.
447 1566 563 1637 46784
577 1571 609 1627 44
622 1583 661 1627 444
676 1566 777 1628 iacobi
831 1567 970 1645 proianae
986 1586 1052 1647 pag.
1071 1571 1128 1631 446
1142 1577 1274 1633 testatur
1289 1589 1323 1633 se
1340 1575 1509 1635 8444444444
1520 1575 1556 1634 li·

57 1662 177 1723 boilavii
187 1660 221 1737 d)
238 1663 377 1721 versione
387 1659 586 1734 Gallica,cum
596 1660 778 1739 praelatione
832 1658 920 1720 hrum
938 1660 1011 1721 libro
1025 1662 1175 1723 Paschasii
1191 1663 1228 1725 de
1253 1665 1359 1727 eodem
1375 1674 1554 1745 argumento

58 1756 198 1829 etnotis,
215 1754 334 1814 Parisiis
351 1753 442 1828 4686,
465 1754 512 1815 48.
530 1758 562 1813 44
578 1754 682 1814 Latine
706 1770 778 1815 cum
833 1752 1029 1830 subjunctum
1055 1760 1254 1834 percurrisse,
1276 1758 1492 1836 immemorem,
1520 1760 1553 1820 iu

57 1848 194 1909 vindiciis
214 1846 363 1909 adversus
390 1845 559 1907 iohannem
590 1844 777 1907 nerduinum
832 1846 928 1907 indice
943 1851 1076 1907 notatum
1101 1847 1258 1911 haereseos
1277 1852 1413 1913 nomine:
1446 1855 1551 1929 (issara

57 1939 122 2022 [qui
139 1942 339 2003 ilatmmnum
349 1939 507 2000 haereticis
522 1942 549 2015 4)
561 1938 775 2020 adscripscrat]
827 1944 899 2020 post
909 1939 1043 2019 apnimm
1060 1958 1196 2002 errorem
1211 1962 1324 2021 444444,
1337 1944 1457 2025 projeci
1469 1943 1551 2007 libai-

54 2034 147 2111 4748,
163 2036 212 2097 48.
229 2035 252 2110 ii
267 2034 329 2095 Nec
345 2034 447 2094 minus
459 2039 528 2112 post
544 2034 701 2093 versiones
708 2030 776 2093 Bei-
833 2032 907 2110 lom,
924 2038 986 2095 eto
1001 2050 1116 2095 summo
1133 2035 1361 2097 Pocnr'temiario
1381 2038 1493 2099 meravi
1505 2056 1552 2099 me

49 2128 148 2207 aeas,
168 2126 305 2191 iiotemd.
324 2126 409 2189 4646.
425 2124 568 2203 Utraject
586 2125 664 2187 4686
684 2132 776 2204 atque
830 2125 1041 2189 adroioeudum
1050 2127 1550 2194 ReuereadissimocardiemiiVor-

51 2220 197 2303 44444444
213 2221 244 2301 g)
261 2227 294 2281 44
309 2236 379 2283 cum
406 2221 545 2282 versione
564 2216 690 2297 44444444
709 2219 777 2281 Cla-
829 2221 943 2283 44444444.

52 2314 165 2377 rissimi
181 2313 321 2377 Guilelmi
332 2312 484 2392 lloplinsii
494 2311 527 2388 h)
539 2312 679 2374 Canonici
690 2314 777 2373 Wor-
870 2317 996 2396 Scripsit
1008 2324 1163 2396 praeterea
1175 2318 1223 2379 bic
1233 2320 1461 2382 hatramnusad
1474 2338 1549 2382 4444-

49 2411 240 2479 minensis,
261 2406 386 2468 londini
413 2406 504 2484 4686,
522 2404 606 2481 48,“’ο
634 2407 732 2484 4688,
753 2408 772 2469 8
828 2408 897 2470 dem
913 2409 1054 2472 carolum
1067 2410 1196 2472 Calvum
1213 2409 1441 2474 irbrosduosde
1454 2415 1550 2475 Prae·

50 2516 121 2563 cnm
133 2502 263 2563 eruditis
278 2500 316 2561 de
329 2502 489 2561 1444444444
498 2505 530 2560 44
545 2498 612 2577 eius
628 2498 772 2577 doctrina,
825 2501 1053 2582 destinatione,
1046 2523 1077 2565 44
1093 2504 1204 2582 quibus
1219 2520 1289 2568 cum
1300 2505 1486 2568 Godschalco
1502 2507 1547 2567 tu-

50 2594 200 2657 adversus
215 2593 381 2657 Boilavium
394 2594 528 2673 aliosque
547 2595 697 2655 Romanae
715 2596 773 2656 Eo
825 2599 880 2673 cit,
893 2598 931 2658 ab
948 2600 1105 2659 llincmaro
1120 2599 1246 2678 aliisque
1258 2607 1457 2679 oppugnatus.
1476 2599 1549 2661 lidi-

51 2687 160 2750 clesiae
188 2687 344 2762 doctores,
374 2685 643 2749 dissertationibus
670 2686 770 2766 litque
825 2690 869 2751 444
897 2692 1049 2753 Gilbartus
1077 2694 1257 2771 blanguinus
1273 2695 1353 2754 inter
1378 2694 1548 2773 Scriptores

51 2798 89 2841 ex
102 2782 160 2843 hac
176 2779 302 2860 Anglica
317 2780 460 2857 editione,
485 2782 658 2860 praemissis
676 2782 769 2842 etiam
825 2786 896 2845 noni
920 2786 1046 2857 saeculi,
1073 2787 1126 2864 qui
1152 2784 1190 2845 44
1211 2786 1482 2848 Praedestinatione
1514 2795 1547 2847 et

51 2874 110 2935 illis
124 2873 387 2935 dissertationibus
402 2873 513 2935 Gallice
525 2876 635 2953 versis,
651 2873 770 2935 libellus
822 2876 923 2939 Gratia
938 2879 1136 2957 scripserunt,
1164 2880 1284 2940 Parisiis
1305 2880 1396 2955 4656,
1419 2881 1447 2940 4.
1464 2880 1545 2941 4444

50 2968 204 3029 liutramni
220 2968 324 3029 Latine
350 2972 383 3026 et
409 2964 536 3041 Gallice,
552 2966 769 3029 Amstelodami
823 2972 1547 3051 4444444444.1448441444444444444444444444-

51 3060 140 3137 4747,
159 3062 188 3123 8.
215 3060 395 3138 Quanquam
421 3077 492 3120 vero
517 3061 646 3122 44444444
665 3062 770 3123 Scotas
824 3078 910 3122 nens.
937 3079 1003 3142 pag.
1021 3064 1089 3125 448.
1107 3065 1216 3126 Conier
1244 3066 1357 3126 Usserii
1377 3073 1409 3125 et
1429 3064 1545 3127 Cellotii

51 3170 185 3233 quoque,
201 3151 339 3231 ejusdem
351 3152 447 3213 Caroli
463 3153 547 3215 Calvi
559 3152 649 3231 jussu
659 3156 689 3214 in
699 3171 770 3214 ean·
824 3155 982 3216 ilistoriam
998 3154 1202 3217 Godeschalci.

50 3247 119 3309 dam
135 3249 319 3309 sententiam
332 3245 441 3307 librum
453 3245 490 3306 de
504 3247 633 3326 Corpore
645 3253 676 3307 et
696 3248 771 3309 San·
864 3247 977 3309 Contra
993 3248 1178 3309 Graecorum
1197 3252 1363 3311 Romanam
1376 3247 1544 3309 Ecclesiam

51 3342 142 3419 guina
158 3340 277 3402 Domini
294 3341 427 3417 scripsit,
444 3340 519 3399 44444
539 3339 696 3418 probatum
716 3343 771 3401 84-
824 3339 1033 3421 mfamanh‘um
1048 3358 1185 3417 errores,
1202 3342 1239 3403 ad
1254 3344 1407 3403 Nicolaum
1424 3342 1546 3402 lPonti·

51 3434 202 3514 rangario,
220 3439 254 3494 ut
271 3432 347 3493 inira
361 3435 390 3491 in
407 3432 580 3494 solamitis
594 3433 680 3494 Scato
701 3449 770 3494 sum
825 3434 911 3496 licem
922 3437 1106 3512 llomanurn,
1121 3436 1211 3497 libms
1226 3437 1273 3498 44.
1285 3435 1378 3497 44444444
1393 3434 1545 3515 Epistulae

48 3526 202 3589 4444444444
232 3528 284 3605 qui
303 3527 381 3586 inter
397 3533 517 3587 sanctos
537 3528 567 3586 in
590 3526 769 3604 quibusdam
823 3530 1012 3606 potissimum
1036 3532 1202 3609 oppositos,
1219 3546 1349 3609 quorum
1368 3528 1469 3591 tribus
1485 3532 1547 3608 pri·

48 3620 266 3699 lartyrologiis
280 3620 307 3681 4.
323 3618 394 3681 idus
406 3618 565 3681 Novembr.
582 3618 768 3681 adscribitur.
824 3623 883 3681 mis
899 3623 1022 3703 integris
1037 3630 1147 3685 tractat
1162 3622 1200 3683 de
1210 3624 1400 3702 processione
1414 3623 1545 3702 Spiritus

48 3720 152 3775 444444
168 3713 363 3775 verisimilius
389 3719 450 3789 est,
476 3729 547 3775 cunr
573 3715 770 3792 berengarius
824 3713 935 3774 Sancti.
948 3714 1049 3775 Edidit
1062 3715 1227 3777 bacharius
1235 3723 1317 3775 tomo
1334 3715 1468 3777 secundo
1479 3716 1546 3794 Spi-

48 3807 136 3869 illum
147 3813 271 3868 coactus
282 3807 390 3867 luisset
406 3808 436 3867 44
449 3808 579 3869 Concilio
589 3807 770 3869 vercellensi
823 3808 928 3885 cilcgii.
946 3812 1030 3885 (torn.
1048 3809 1059 3868 l
1073 3807 1212 3868 editionis
1228 3824 1323 3869 novae
1336 3826 1402 3887 pag.
1419 3810 1483 3881 68.)

47 3900 106 3963 An.
122 3902 200 3964 4666
217 3899 405 3969 damnatum.
414 3899 589 3962 comburere
600 3898 771 3962 4484444444
863 3900 907 3959 De
922 3905 1020 3980 parim
1049 3900 1194 3979 Virpinis,
1220 3918 1277 3961 asu
1307 3899 1344 3961 44
1377 3900 1543 3961 Natiuitatis

46 3995 182 4059 44444444
197 3992 255 4055 444.
268 3995 346 4056 4659
360 3994 546 4055 intercidisse
559 3996 667 4073 potius,
678 4011 770 4073 quam
825 3994 992 4071 canisii,
1009 3992 1096 4054 modo
1115 3995 1268 4053 communi
1285 4000 1316 4052 et
1333 3993 1463 4052 naturali
1484 4008 1544 4051 non

823 4091 925 4150 clauso
940 4092 972 4149 44.
989 4087 1119 4165 virginis
1140 4092 1224 4148 utero
1241 4086 1326 4144 44444.
1344 4086 1401 4145 Cui
1416 4082 1545 4145 Pascha-

86 4214 225 4287 6444444
236 4220 774 4287 tom.11npp⁰p„gffl„‚mmm
824 4185 888 4245 sius
902 4181 1069 4245 Radbertus
1083 4178 1198 4240 libellos
1211 4177 1287 4240 duos
1312 4176 1350 4238 dc
1370 4183 1459 4257 partu
1479 4177 1543 4237 Vir·

42 4296 212 4347 1444144444
229 4300 258 4347 Α.
279 4294 340 4346 4687
359 4308 417 4361 pag.
429 4294 471 4347 44.
493 4296 604 4349 hauteil.
615 4300 677 4361 sap.
696 4300 775 4348 44444.

88 4448 116 4507 ⁸)
128 4448 350 4499 'nmmum
369 4444 402 4499 ‘¹⁸
420 4448 583 4497 ⁸⁸⁰“m‘0
603 4445 696 4497 ΑΙῑΙῐΙ·
713 4457 772 4511 pag,
864 4452 1168 4517 mmmmmdcraaroa
1178 4451 1257 4513 Epist
1269 4448 1301 4497 ad
1313 4446 1546 4503 uacberlumnnte

41 4518 161 4573 too-lat.
819 4534 881 4580 torn.
892 4532 915 4577 11
926 4526 1072 4591 spicilegii
1081 4532 1198 4575 4444444
1209 4522 1328 4573 editionis
1345 4526 1407 4569 tom.
1421 4520 1455 4564 lii
1464 4527 1546 4583 ,.4444

89 4596 230 4663 'imm'
239 4595 283 4648 ἅθ’
294 4602 387 4649 544484
399 4601 427 4647 Α·
441 4595 568 4660 1719448·
580 4596 636 4647 ⁰⁴5·
818 4600 866 4651 858
877 4608 902 4653 44
913 4600 1068 4653 4444441444
1078 4600 1177 4651 Parlslo
1186 4596 1361 4647 dissertatione
1370 4592 1491 4642 adversm
1501 4590 1547 4641 al·

88 4672 246 4739 0444444444
256 4672 417 4736 anglicarum
426 4675 571 4722 versionum
589 4670 713 4721 editiones
729 4682 773 4722 ea·
818 4676 908 4726 4141444
920 4686 976 4739 cap.
988 4674 1078 4727 litora.
1090 4676 1122 4723 ii'
1144 4667 1327 4736 perpetultdde
1345 4664 1547 4728 breviarios

42 4756 113 4803 aare
123 4750 196 4799 testis
206 4749 318 4809 careus,
328 4751 374 4811 qul
386 4749 485 4800 erudite
496 4748 527 4797 de
537 4748 585 4797 boc
602 4748 725 4809 scriptore
741 4744 774 4796 ad
819 4762 877 4813 pag.
891 4748 938 4799 468
946 4760 1000 4811 seo
1012 4754 1108 4799 1444444
1117 4745 1245 4796 1444444444
1257 4752 1306 4794 etc.
1317 4744 1412 4792 Omitto
1420 4740 1547 4803 suspicio

39 4822 159 4877 4ι846.
175 4824 244 4875 idem
259 4825 326 4874 later
340 4823 391 4875 alia
402 4829 476 4874 notat
487 4820 617 4873 illiricum
630 4823 658 4873 44
671 4820 774 4876 homilia
820 4836 864 4875 nea
876 4836 965 4887 parurn
976 4822 1109 4873 credibiles
1123 4833 1225 4877 eorum,
1234 4823 1278 4881 qut
1290 4823 1420 4868 auctorem
1435 4814 1547 4867 4444444·

41 4898 162 4951 1444444411
178 4910 209 4949 aa
219 4901 355 4948 ilatramno
365 4898 445 4948 multa
457 4896 489 4948 ad
506 4896 611 4947 verbum
632 4900 771 4960 repetisse,
819 4900 967 4957 4444444444,
977 4898 1015 4947 vel
1026 4899 1195 4958 antiquiorem
1207 4894 1328 4951 44414444,
1335 4898 1364 4940 44
1376 4893 1547 4953 prosperum.

41 4972 113 5039 444444
126 4974 159 5023 ad
169 4973 272 5023 oculum
282 4986 385 5037 44444444
400 4972 554 5037 lioplinslus
564 4971 758 5024 demonstrarit
819 4971 858 5023 vel
877 4971 994 5022 ducentis
1014 4973 1087 5021 annis
1107 4971 1234 5033 juniorem
1257 4972 1283 5017 et
1307 4965 1345 5015 rel
1366 4966 1546 5027 berengarium

89 5048 120 5110 h)
130 5038 222 5099 44144.Ι
234 5048 309 5100 41444
320 5050 519 5102 44444446444.
529 5054 590 5099 tom.
602 5048 693 5114 444444,
703 5046 773 5099 4644.
820 5050 921 5111 ipsun
935 5044 974 5098 444
985 5058 1015 5098 44
1024 5049 1077 5110 rjus
1091 5042 1258 5096 sectatoribus
1270 5042 1389 5105 utonem.
