3458 5332
115 327 175 388 566
771 315 948 379 FELIX

114 437 258 511 44444444.
281 445 372 506 quero
393 426 507 502 aliquot
536 424 610 484 locis
636 421 831 502 reprehendit
884 421 1008 485 Galend.
1025 424 1094 483 lan.
1109 422 1147 482 ab
1164 421 1220 482 An.
1238 422 1308 484 374.
1331 425 1490 487 Decembr.
1508 427 1553 490 34.
1569 438 1594 490 44

114 533 146 586 44
165 527 223 586 4144
243 522 356 585 Minutii
380 520 511 580 illustrat
527 525 633 579 auctor
648 517 832 577 observatio
884 520 997 594 Martyr
1013 518 1061 577 eni
1079 521 1142 577 tres
1159 515 1312 595 Epistulas
1337 522 1499 598 supposuit
1515 522 1595 584 lsido

115 637 188 681 num
208 623 236 678 in
258 617 406 677 Auctores
420 621 541 674 veteres
561 620 592 673 44
613 619 752 672 maroles
771 613 833 673 An·
886 628 941 673 rus
956 613 1121 688 Mercator,
1138 628 1231 672 44444
1243 611 1288 672 ad
1303 615 1471 674 Paternum
1487 617 1596 695 4444444

30 697 36 708 ’
114 712 190 790 glire
207 709 356 770 editarum
375 707 499 767 Londioi
518 705 590 768 4734
610 751 619 781 ,
637 706 665 765 8.
683 722 751 787 pag.
775 708 833 785 46,
886 720 980 783 pam,
1006 704 1133 766 alteram
1156 704 1199 765 ad
1222 705 1387 787 Episcopus
1413 705 1529 771 Galliae
1552 728 1597 790 per

115 821 199 881 seqq.
217 803 297 876 338,
315 818 401 880 seqq.
418 807 490 860 tom.
510 800 538 859 3.
556 817 586 878 4.
608 799 665 861 446
684 798 761 859 4664
775 798 833 860 An.
887 799 1058 877 provincias
1083 801 1281 875 constitutos,
1296 809 1329 864 et
1350 805 1473 864 tertiam
1501 803 1537 865 ad
1552 807 1597 866 lle

115 896 202 959 4733.
226 913 292 974 pag.
315 895 362 956 43.
385 911 470 971 seqq.
486 886 544 968 36,
562 909 646 971 seqq.
668 899 700 952 et
721 893 769 952 84.
794 930 799 938 -
887 891 1018 970 44444444.
1047 892 1110 955 Eas
1138 893 1268 955 falsitate
1298 899 1460 959 convictas
1488 898 1598 960 exbibet

151 987 269 1068 Belpice
296 989 331 1051 A.
352 989 525 1062 Elzeviria,
546 989 622 1049 lCto
649 989 832 1066 interprete,
886 985 1099 1047 Blondellusio
1118 987 1364 1050 Pseudolsidoro
1380 1008 1450 1070 pag.
1463 994 1529 1054 353.
1543 1010 1600 1072 seq.

112 1098 182 1143 cum
203 1086 293 1142 notis.
310 1082 437 1142 Amstel.
467 1082 566 1158 4696,
594 1083 644 1143 43.
671 1077 836 1141 Boecltsaal
926 1081 1043 1142 FELlX
1063 1083 1097 1141 ll.
1118 1080 1157 1141 ab
1183 1082 1599 1148 transplantatus.

111 1194 173 1238 van
186 1176 327 1257 Europae
345 1176 431 1238 4697.
443 1193 511 1254 pag.
524 1177 582 1238 465
598 1182 629 1235 44
646 1192 700 1255 per
710 1177 746 1237 M.
758 1174 833 1236 Gar·
887 1174 1055 1252 Episcopus
1068 1176 1223 1236 Romanus
1235 1220 1242 1251 ,
1254 1194 1346 1255 quem
1361 1178 1516 1242 intrusum
1535 1181 1601 1242 lodi

112 1287 236 1350 ganum.
253 1271 433 1348 Ulyssingae
454 1268 554 1345 4743,
573 1269 602 1331 8.
769 1286 772 1291 “
886 1274 996 1346 gantur
1009 1269 1040 1329 S.
1058 1265 1243 1330 Athanasius
1261 1272 1289 1329 io
1319 1272 1448 1336 historia
1476 1273 1600 1336 Arianor.

153 1364 378 1443 Mypercriticos
390 1362 715 1425 Minucianusloannis
731 1363 833 1424 Meur·
886 1368 958 1422 tom.
977 1364 990 1424 4
1007 1408 1015 1440 ,
1033 1379 1098 1442 pag.
1114 1364 1183 1424 389.
1205 1366 1280 1425 lluie
1308 1367 1338 1425 in
1367 1368 1598 1431 pseudoisidori

110 1457 151 1520 sle
179 1475 250 1520 cum
277 1458 387 1519 Gritieo
417 1455 485 1535 ejns
521 1455 692 1517 Arnobiano
723 1456 833 1535 prodiit
886 1455 1002 1533 sylloge
1019 1457 1197 1518 tribuuntur
1212 1456 1292 1519 duae
1306 1459 1555 1539 Epistolae‚uoa
1569 1463 1602 1524 od

112 1552 206 1632 bugd.
228 1555 331 1612 34444.
351 1552 448 1625 4398,
465 1552 494 1611 8.
510 1556 542 1611 44
564 1551 594 1610 in
622 1549 695 1610 edit.
716 1551 832 1611 Minutii
885 1547 1085 1610 Athanasium
1096 1555 1127 1611 et
1136 1549 1525 1635 nahasorAEpppooram,
1539 1555 1600 1617 7744

111 1646 276 1727 posteriore
310 1663 380 1707 eum
412 1647 492 1704 notis
508 1645 576 1705 Var.
606 1643 699 1723 Lugd.
727 1647 831 1705 Batav.
888 1640 1047 1704 baldonum
1062 1690 1071 1721 ,
1087 1641 1251 1724 libyorum
1276 1645 1448 1728 Episcopos
1462 1651 1492 1710 in
1509 1658 1598 1711 sancta

116 1741 215 1816 4673,
233 1741 262 1800 8.
885 1736 1086 1798 Alexandrino
1104 1737 1440 1818 Synodoeongregatos
1453 1743 1596 1804 :etaltera

152 1835 316 1894 Minucium
338 1833 376 1893 ab
389 1835 517 1894 Erasmo
534 1832 663 1906 editum,
677 1848 752 1894 cave
768 1848 833 1893 cre·
887 1833 1008 1892 nomine
1025 1831 1147 1893 concilii
1171 1833 1296 1893 Romani
1310 1832 1356 1893 ad
1377 1835 1536 1898 4446444444
1546 1836 1598 1915 tpi-

113 1926 168 1988 das
185 1928 323 2006 Dupinio,
340 1928 392 2004 qui
414 1928 504 1987 etiam
522 1927 617 1987 lalsus
632 1933 694 2001 444,
711 1925 834 2004 quando
886 1922 1013 1986 rituales
1028 1922 1154 2004 fratres
1169 1925 1249 2003 apud
1264 1927 1460 1991 blondellum
1473 1932 1500 1990 44
1514 1932 1594 1992 Pseu·

113 2023 251 2100 impingit
264 2023 398 2097 Minutio,
419 2021 499 2099 quod
522 2023 639 2082 animas
656 2022 747 2082 simul
762 2037 832 2082 cum
887 2017 1051 2079 ilo-isidoro
1068 2034 1134 2097 pag.
1154 2020 1222 2079 499.
1247 2036 1311 2098 seq.
1338 2038 1492 2085 unacum
1510 2026 1595 2098 444444,

112 2115 287 2194 4444444444
304 2117 379 2175 mori
396 2114 541 2175 docuerit.
558 2116 749 2194 Longoeoim
762 2115 835 2175 alle-
888 2111 999 2190 qulbus
1019 2112 1161 2173 lalsitatis
1186 2114 1425 2176 convincuntur.
1455 2117 1567 2179 Exstat
1577 2122 1601 2178 et

114 2227 186 2270 oum
205 2225 238 2269 44
257 2209 297 2269 ab
315 2209 370 2269 boc
396 2225 496 2269 errore
525 2209 618 2270 luisse
645 2207 834 2269 demonstrat
887 2204 998 2281 444444,
1016 2207 1114 2284 inquit
1141 2205 1221 2286 apud
1249 2207 1440 2270 ludovicum
1467 2211 1598 2273 laoobnm

112 2319 176 2381 cap.
200 2304 247 2364 34.
888 2300 1067 2360 Franciscus
1093 2301 1255 2376 44444444,
1276 2299 1369 2380 lajas
1394 2304 1548 2385 Pontifices
1567 2304 1600 2366 ad

151 2395 467 2474 Antiquiorem'quam
484 2395 576 2473 vulgo
593 2394 726 2471 creditur
740 2395 836 2456 Minu·
888 2391 1052 2471 Episcopos
1079 2392 1236 2475 AEppptr'os
1260 2395 1399 2476 Epistola
1414 2400 1601 2461 cohortatoria

111 2492 192 2551 cium
209 2534 216 2565 ,
233 2492 382 2550 extremis
402 2491 493 2550 Marci
519 2487 677 2549 Antonini
696 2488 837 2567 tempori·
889 2485 926 2546 46
944 2488 1171 2564 persecutiones
1187 2496 1218 2549 et
1233 2489 1448 2555 tribulationes
1478 2494 1602 2556 terendas

112 2584 169 2644 bus
191 2584 348 2660 scripsisse
370 2583 523 2662 persuasit
543 2582 599 2642 sibi
628 2584 718 2642 ctiam
745 2583 834 2665 44444,
888 2582 1047 2658 patienter.
1075 2581 1135 2643 Sed
1163 2599 1216 2662 pro
1243 2583 1334 2645 tertio
1358 2585 1441 2665 apud
1461 2589 1602 2650 lover-ium

112 2675 290 2737 Dndwellus
323 2676 389 2749 lll,
422 2676 486 2752 46,
518 2673 591 2736 6444.
627 2675 767 2754 cyprian.
795 2675 836 2735 Et
888 2673 968 2734 baud
987 2674 1078 2735 dubie
1094 2675 1228 2737 secunda
1241 2677 1299 2756 legi
1316 2678 1432 2758 debet,
1459 2698 1529 2744 nam
1552 2698 1600 2742 non

44 2846 48 2854 .
113 2768 289 2831 Blandellus
312 2769 386 2829 libro
403 2769 515 2829 Gallice
532 2768 613 2828 edito
637 2767 675 2829 de
691 2768 832 2829 Eucharl·
890 2768 946 2827 nisi
963 2770 1091 2846 primam
1108 2771 1157 2830 ille
1174 2772 1319 2834 attulerat
1328 2781 1416 2852 parte
1428 2776 1457 2836 3.
1469 2793 1535 2856 pag.
1546 2775 1602 2837 436.

117 2864 174 2924 4444
189 2879 255 2940 pag.
278 2863 345 2924 449.
366 2864 524 2923 Minatium
544 2862 700 2940 aequalem
723 2863 837 2923 iaciens
889 2861 1061 2923 Genulnum
1087 2862 1290 2942 fragmentum
1307 2883 1347 2929 ex
1364 2868 1503 2948 Epistola
1519 2867 1601 2947 hujus

114 2956 273 3016 Frontonis
292 2999 299 3029 ,
317 2955 369 3033 qui
384 2957 420 3015 M.
437 2953 622 3016 Antoninum
641 2955 743 3016 docuit
755 2957 835 3016 circa
889 2955 997 3016 Felicis
1013 2954 1054 3016 ad
1068 2957 1241 3018 Maecianum
1252 2959 1435 3040 Episcopum
1449 2961 1601 3028 etGlerun

112 3048 236 3110 Annum
254 3049 371 3111 CMristi
390 3049 458 3109 466.
486 3049 662 3111 Salvianum
691 3049 835 3109 nonnulla
889 3047 979 3108 Alea.
1007 3050 1120 3111 Graece
1136 3068 1175 3111 ex
1203 3051 1288 3113 Actis
1312 3054 1438 3117 Consilii
1466 3056 1601 3138 Ephesini

3 3146 13 3155 “
113 3144 228 3204 Minutil
250 3159 320 3204 esse
348 3145 498 3204 imitatum
525 3143 699 3204 observavit·
726 3144 837 3203 llltter·
889 3142 1015 3204 Actione
1032 3145 1054 3204 l.
1072 3161 1138 3223 pag.
1157 3145 1225 3207 543.
1243 3152 1275 3207 44
1291 3147 1395 3225 cyrilli
1423 3149 1603 3230 Apologetiro

114 3238 248 3299 shuslus.
266 3241 377 3298 Locum
393 3239 542 3316 insignem
564 3238 680 3299 Minutii
707 3252 772 3315 cap.
796 3237 829 3297 34
890 3237 1039 3301 adversus
1055 3238 1244 3314 Orientales,
1256 3239 1452 3304 anathemate
1469 3246 1497 3304 6.
1516 3251 1545 3305 44
1559 3247 1605 3306 la·

114 3331 153 3393 de
169 3333 293 3393 veribus
311 3334 377 3393 sire
394 3333 513 3406 lulcris,
538 3332 650 3392 Dianae
675 3332 836 3393 simulacro
891 3333 954 3392 tine
970 3348 1008 3393 ex
1026 3334 1117 3393 Mario
1135 3335 1299 3394 Mercatore
1317 3350 1384 3414 pag.
1412 3335 1482 3398 478.
1500 3344 1530 3398 44
1545 3338 1604 3399 346.

114 3429 224 3505 apponi
256 3427 353 3487 solitis
381 3426 544 3487 illustravit
567 3427 637 3487 Luc.
664 3425 855 3486 holstenius.
891 3425 961 3486 edit.
989 3422 1283 3488 Baluzianas'oliert
1304 3433 1336 3488 et
1365 3428 1456 3490 Felici
1484 3431 1605 3491 vindicat

115 3521 144 3578 in
161 3520 304 3598 singulari
334 3519 408 3579 diss.
436 3518 474 3579 ad
500 3517 696 3596 symbolicam
725 3519 836 3578 Dianae
892 3523 998 3581 Petrus
1031 3521 1190 3583 Constant>
1206 3522 1236 3580 in
1262 3523 1410 3601 Epistolis
1435 3524 1603 3587 Pontificum

113 3613 263 3691 Ephesiae
285 3619 418 3675 statuam
431 3631 449 3674 a
463 3611 586 3674 Claudio
603 3613 775 3693 Menetrejo,
796 3615 838 3674 ci·
891 3630 959 3693 pag.
973 3612 1042 3675 398.
1291 3622 1294 3627 ’

115 3705 838 3786 meliotheeaeBarberinaepraelectoexpositam,
931 3709 1045 3768 FEllX
1064 3709 1114 3768 lll.
1133 3709 1210 3786 Papa
1238 3710 1276 3770 ab
1293 3709 1350 3771 Ao.
1377 3710 1447 3775 483.
1466 3713 1549 3775 Febr.
1566 3713 1606 3775 43.

115 3801 198 3858 llom.
218 3801 314 3874 4688,
332 3800 378 3860 iol.
402 3801 477 3861 Eam
507 3800 640 3860 lacobus
665 3800 837 3862 Gronovius
892 3800 928 3862 ad
948 3801 1003 3862 An.
1023 3801 1090 3862 493.
1107 3802 1156 3862 35.
1173 3788 1259 3863 44444.
1277 3803 1315 3864 64
1328 3820 1389 3884 quo
1402 3809 1480 3869 Acta
1491 3810 1606 3870 Sancto

116 3896 145 3954 lo
170 3902 241 3954 tom.
273 3895 341 3967 Vll,
364 3895 498 3957 thesauri
525 3895 663 3956 Graecar.
687 3895 834 3973 Antiquit.
891 3912 958 3956 rum
987 3901 1059 3954 tom.
1079 3896 1128 3955 lll.
1156 3897 1240 3956 Febr.
1260 3898 1309 3958 35.
1331 3915 1399 3977 pag.
1416 3901 1487 3962 563.
1505 3918 1565 3980 seq.
1580 3906 1606 3958 et

115 4006 179 4069 pag.
199 3990 257 4051 393
275 3999 306 4048 44
334 3993 363 4049 in
392 4006 447 4051 sua
463 3991 583 4050 Minucii
608 3990 738 4050 editione
760 3992 837 4050 inte·
892 3987 1102 4049 Tillemontius
1121 3995 1193 4050 tom.
1211 3991 1289 4051 xvi.
1313 4009 1441 4053 mernor.
1462 4011 1527 4074 pag.
1547 3994 1605 4055 436.

116 4100 200 4164 gram
219 4085 356 4145 exhibuit
373 4101 439 4162 pag.
457 4084 526 4143 369.
891 4100 954 4160 seq.
967 4080 1063 4159 llujus
1074 4080 1226 4160 Epistulae
1236 4083 1391 4145 sexdecim
1403 4089 1433 4148 io
1443 4089 1607 4150 tomisCoo

156 4178 269 4239 FELlll
285 4173 490 4237 Narbonensis
501 4176 669 4255 Episcopus
686 4173 836 4237 circaAo·
890 4177 1025 4236 ciliorum
1041 4171 1202 4254 leguntur,
1220 4177 1258 4239 64
1275 4178 1388 4256 quibus
1406 4188 1479 4241 tom.
1498 4183 1549 4243 xl.
1565 4183 1607 4242 lli-

116 4290 188 4332 oum
211 4274 268 4333 656
291 4271 381 4348 eujus
405 4269 541 4349 Epistola
561 4269 604 4330 ael
634 4269 833 4332 Desideriam.
890 4271 1055 4330 bliothecae
1070 4271 1201 4332 Graecae
1218 4289 1284 4351 pag.
1313 4274 1380 4335 443.
1411 4276 1547 4354 Epistola
1572 4272 1607 4335 46

115 4366 339 4428 Cadurcensem
361 4364 476 4425 464444
498 4368 617 4426 Canisio
641 4352 835 4426 44444444-
890 4366 1056 4441 Zenonem,
1091 4366 1274 4443 Episcopum
1310 4367 1551 4446 stapulensem,
1582 4371 1605 4428 44

117 4463 226 4539 tiquar.
249 4463 329 4519 leet.
352 4462 435 4534 (tom.
459 4460 480 4517 l.
503 4458 625 4518 edition.
648 4475 744 4519 novae
766 4477 832 4538 pag.
889 4460 1018 4537 Agvirrli
1042 4458 1183 4520 Consiliis
1209 4459 1369 4537 llispaniae
1397 4467 1473 4522 torn.
1492 4465 1530 4533 3,
1547 4481 1606 4544 pag.

117 4557 173 4615 656
187 4559 223 4613 ’44
238 4553 383 4615 Desiderii
399 4552 436 4614 ad
454 4553 583 4614 Felicem
598 4569 662 4631 pag.
680 4553 732 4613 644
760 4555 835 4613 Eae·
889 4554 958 4613 334.
970 4553 1097 4612 Felicem
1111 4551 1191 4611 hunc
1205 4551 1537 4632 Constantinopolitani
1545 4559 1607 4636 Epi·

116 4648 184 4708 dem
200 4650 352 4727 Epistolae
373 4647 481 4708 deinde
496 4647 593 4708 editae
612 4648 641 4706 in
665 4645 834 4722 Marqnardi
890 4648 972 4727 scopi
986 4643 1094 4706 Aeacii
1105 4643 1315 4705 damnatorem
1334 4658 1426 4709 vocat
1457 4651 1607 4712 Facundus

117 4741 237 4801 Freheri
256 4743 387 4820 Corpore
401 4743 560 4802 Francieae
589 4741 730 4801 historiae
752 4746 836 4802 vete·
890 4740 964 4801 libro
991 4745 1096 4800 eontra
1123 4740 1296 4800 Mucianum
1319 4741 1559 4821 Scholasticum,
1575 4743 1607 4807 ad

118 4836 173 4907 ris,
187 4841 218 4893 44
236 4837 265 4895 ln
277 4835 414 4896 Andreac
426 4835 467 4899 du
479 4837 600 4899 Chesne
613 4842 685 4896 lom.
697 4836 834 4897 l.Fraoc.
890 4852 981 4913 quem
999 4834 1098 4894 locum
1117 4832 1297 4895 Sirmondus
1313 4841 1386 4896 tom.
1405 4838 1435 4899 3
1452 4837 1529 4920 044.
1547 4856 1605 4919 pag.

118 4944 183 5005 pag.
202 4928 270 4988 884.
288 4937 319 4989 44
336 4929 405 4988 888.
891 4930 959 4989 83l.
985 4925 1149 5015 [ormana
1173 4925 1237 4991 slve
1254 4925 1385 4989 edictam
1412 4930 1608 4994 damnationis

159 5021 307 5084 FELle.
320 5024 488 5101 Episcopus
502 5023 704 5087 liomauusab
718 5022 834 5113 44376.
890 5020 1002 5096 edidit,
1019 5021 1124 5083 datum
1153 5022 1301 5082 Venantio
1325 5024 1461 5091 Consule
1490 5029 1554 5101 444.
1576 5029 1606 5089 6.
