3458 5332
190 316 251 379 860
794 313 1082 378 CLAUDIUS

192 422 395 484 vetustiorum
410 421 566 499 sapuisse,
579 417 634 479 sed
652 421 743 482 etiam
758 414 914 483 deflorato
969 426 1000 484 in
1009 422 1192 485 Bibliotheca
1201 423 1382 501 scriptorum
1392 419 1509 483 Galliae
1520 437 1609 483 num.
1621 420 1701 484 7548

193 532 262 576 rum
271 515 417 575 institisse
424 511 712 590 vestigiisntBedue
720 514 915 577 acPrimosii.
970 517 1076 596 seqq.)
1095 519 1138 578 De
1154 515 1316 596 Republica
1328 514 1486 577 Gallorum
1500 514 1597 575 libros
1612 514 1701 576 duos

233 610 271 669 In
296 610 403 683 losue,
431 612 462 665 et
491 604 632 667 44444444
662 608 721 669 MS.
754 608 915 671 colbertin.
969 613 1089 673 Parisiis
1107 611 1194 673 4549.
1213 609 1302 671 4540.
1320 606 1420 682 4548,
1442 610 1472 669 8.
1493 624 1574 687 quos
1597 609 1702 669 Latine

195 702 282 763 5429.
304 706 382 759 teste
403 698 560 760 44444444
582 701 663 778 Long
684 716 750 779 pag.
773 700 840 762 677.
868 705 916 764 iti-
970 707 1063 768 vertit
1098 704 1252 765 lohannes
1289 701 1469 775 Sieidnnus,
1504 700 1701 781 Argentomti

193 794 357 855 bliothecae
374 793 565 870 Exegetieae.
655 820 658 827 ¹
972 799 1059 860 4548.
1088 798 1277 858 Francolurti
1297 796 1395 873 4608,
1417 796 1445 855 8.
1475 794 1590 872 (idem.
1618 812 1702 856 num.

232 884 917 967 1444444448444444441444444.4444844-
972 891 1080 966 4404.)
1101 893 1212 968 Legem
1234 889 1364 951 Salicem
1384 887 1563 962 Gallorum,
1581 888 1703 949 Parisiis

193 981 299 1041 (444444
313 995 379 1057 pag.
395 979 463 1038 308.
486 981 519 1038 ln
531 979 612 1039 Ruth
626 986 658 1039 44
672 977 766 1041 libros
782 983 915 1060 44494444,
972 981 1175 1056 45404557,
1191 983 1219 1043 8.
1237 981 1336 1058 (idern
1351 998 1437 1041 num.
1453 979 1589 1056 44762.)
1605 981 1705 1041 Victo·

190 1075 322 1135 Mutinae
332 1071 391 1133 MS.
407 1077 485 1133 teste
502 1071 697 1133 celeberrimo
707 1073 917 1135 Montiaucono
972 1078 1047 1137 riam
1064 1074 1208 1137 Ludovici
1223 1074 1280 1143 Xll
1295 1079 1401 1135 contra
1416 1072 1552 1133 Venetos
1568 1080 1603 1133 et
1619 1089 1704 1152 prae·

191 1166 282 1227 Diarii
299 1164 391 1225 italici
406 1181 472 1244 pag.
488 1165 535 1224 36.
550 1164 736 1227 lnPsulmos
751 1173 918 1249 quoquest
970 1171 1044 1232 lium
1064 1166 1284 1248 Agnsdellense
1304 1167 1363 1228 An.
1391 1167 1471 1228 4508
1498 1168 1702 1228 commissum

194 1257 392 1323 Concordiam
404 1257 671 1337 Ecanpelistcrnnt
685 1261 818 1322 loannes
832 1263 917 1322 Jaco-
972 1265 1002 1324 io
1019 1261 1216 1335 Lombardie,
1233 1262 1354 1323 Parisiis
1372 1262 1472 1334 4540,
1492 1261 1521 1320 4.

192 1354 250 1414 bus
267 1354 382 1414 Frisios
398 1359 624 1414 commemorat
851 1401 854 1405 .
933 1383 936 1393 ·
1010 1358 1045 1416 ln
1071 1356 1216 1417 Gallicam
1234 1354 1368 1432 linguam
1385 1353 1547 1414 transtulit
1563 1357 1701 1432 (praeter

231 1448 367 1523 Denique
389 1444 558 1508 Chronicon
577 1448 669 1507 etiam
696 1447 767 1510 huic
792 1446 917 1510 Claudio
971 1450 1106 1527 proprias
1134 1447 1358 1510 lucubrationes
1385 1445 1423 1506 de
1453 1445 1648 1507 Providentia
1672 1451 1702 1507 44

193 1539 297 1600 tribuit
318 1539 479 1613 Labbeus,
494 1539 576 1619 qnod
601 1540 640 1601 ab
660 1558 695 1601 eo
716 1541 832 1602 editum
856 1540 918 1601 dixi
971 1549 1076 1605 contra
1093 1557 1211 1603 errores
1225 1539 1454 1615 waldensium)
1470 1530 1698 1617 Thucydidem,

190 1649 283 1711 supra
303 1639 338 1694 ut
359 1632 585 1694 emendandum
607 1635 667 1708 sit,
690 1634 770 1712 quod
789 1633 827 1695 de
841 1634 918 1695 Lab-
972 1637 1091 1696 Parisiis
1115 1632 1205 1696 4527.
1233 1634 1330 1707 4559,
1356 1632 1406 1693 444.
1423 1632 1641 1710 Xenophontis
1666 1632 1698 1692 li·

190 1727 246 1787 beo
264 1727 345 1804 legas
362 1743 408 1805 ap.
427 1725 583 1787 laudatum
602 1729 737 1807 longum
755 1742 821 1806 pag.
848 1726 917 1788 667.
972 1730 1042 1790 bros
1067 1728 1119 1788 Vll
1143 1726 1182 1788 dc
1207 1725 1398 1805 expeditione
1421 1727 1495 1803 Gyri
1508 1733 1518 1800 ,’
1537 1742 1578 1786 ex
1599 1726 1696 1787 Latios

192 1819 392 1882 Bibliothecae
403 1820 671 1901 Exegeticae,pni
679 1819 770 1901 hujus
784 1836 919 1881 4444444
973 1825 1112 1883 versione
1132 1822 1258 1881 loannis
1280 1819 1438 1895 Lascaris,
1461 1819 1587 1879 Parisiis
1606 1818 1694 1892 4529,

191 1912 299 1974 merito
316 1911 502 1991 suspicetur.
520 1911 597 1991 Ejus
613 1931 682 1975 esse
699 1917 781 1975 enim
799 1930 858 1974 non
876 1921 921 1974 te-
973 1915 1021 1976 iol.
1039 1916 1201 1976 Historiam
1223 1928 1437 1973 successorum
1454 1910 1623 1973 Alexandri
1641 1911 1694 1971 lia·

79 2071 84 2079 ,
192 2025 275 2069 mere
285 2007 431 2085 suspicari
446 2025 480 2069 se
492 2007 651 2086 profitetur
661 2007 799 2068 labbeus
809 2053 817 2086 ,
828 2008 919 2085 idque
972 2011 1024 2088 gni
1037 2025 1076 2069 cx
1089 2007 1216 2068 Diodoro
1233 2006 1333 2067 Siculo
1347 2012 1378 2066 et
1392 2004 1565 2067 Plutarcho.
1584 2004 1693 2065 Parisiis

193 2103 305 2181 repetit
320 2107 393 2160 tom.
413 2102 439 2161 ll
456 2100 493 2161 de
511 2101 541 2161 S.
558 2102 591 2161 E.
609 2119 638 2180 p.
655 2102 725 2161 288.
977 2103 1073 2175 4530,
1090 2101 1139 2161 444.
1157 2099 1330 2178 Appianum
1351 2097 1604 2159 Alexandrinum.
1625 2098 1694 2173 Log—

233 2195 427 2258 CLAUDIUS
451 2195 621 2274 Episcopus
641 2195 839 2257 Massiliensis
859 2196 919 2273 pri·
972 2194 1046 2256 duni
1065 2194 1162 2270 4544,
1180 2193 1229 2254 iol.
1245 2193 1410 2253 lustinum.
1432 2192 1558 2251 Parisiis
1576 2190 1648 2251 4559
1662 2190 1688 2248 44

194 2307 298 2363 mum,
316 2289 425 2349 deinde
442 2286 481 2347 ad
497 2286 553 2347 An.
574 2287 654 2348 4547
678 2287 716 2348 44
735 2290 824 2350 4520.
843 2288 920 2348 Tert-
974 2289 1022 2349 iol.
1039 2285 1139 2348 Aurea
1152 2285 1232 2346 dicta
1247 2288 1380 2346 Senecae
1397 2291 1429 2343 et
1445 2283 1560 2345 librum
1576 2282 1613 2343 de
1625 2297 1687 2359 que

189 2380 322 2444 ricensis
334 2381 792 2458 Archiepiscopus,cognomioc
806 2382 920 2442 84478
973 2387 1042 2441 tuor
1052 2379 1217 2440 virtutibus
1228 2376 1449 2439 Cardinalibus.
1460 2375 1600 2454 Lugduni
1610 2374 1681 2447 4534,

190 2465 347 2548 SELlUS,
369 2473 465 2543 idem,
488 2475 539 2549 qui
561 2489 579 2532 a
600 2476 696 2551 patria
718 2472 866 2536 Claudios
882 2471 918 2532 de
973 2475 1001 2534 8.
1019 2474 1179 2534 Historiam
1200 2470 1447 2532 Ecclesiasticem
1472 2469 1606 2530 Euschii.
1619 2468 1681 2529 Peri

188 2564 287 2647 Aquis
301 2568 326 2640 a)
345 2565 445 2626 dictus
456 2609 464 2639 ,
476 2566 619 2627 Ludovicr
632 2569 689 2629 Xll
704 2568 817 2630 Galliae
827 2569 917 2645 Regis
972 2568 1026 2626 siis
1038 2566 1135 2642 4554,
1150 2565 1178 2623 8.
1193 2563 1270 2625 4579
1283 2606 1291 2637 ,
1302 2564 1330 2622 8.
1346 2570 1378 2622 44
1390 2562 1525 2624 duorum
1542 2563 1677 2633 librorum,

190 2661 227 2722 ad
246 2662 346 2720 varios
360 2660 513 2737 Principes
527 2661 658 2738 Legatos
672 2704 680 2730 ,
693 2663 776 2722 luris
790 2662 917 2721 scientia
971 2676 1049 2738 quos
1058 2658 1188 2720 Eusebio
1198 2656 1329 2717 Rufinus
1339 2655 1464 2717 addidit.
1478 2656 1555 2717 inid.
1566 2653 1675 2728 iesse

190 2753 317 2814 celebris
332 2759 364 2812 et
381 2753 473 2812 variis
495 2754 618 2831 scriptis
637 2755 790 2815 Latineet
806 2751 921 2814 Gallice
967 2759 1004 2824 Ι44
1019 2769 1090 2815 cum
1106 2751 1237 2812 Eusebio
1254 2749 1348 2823 4560,
1367 2750 1430 2810 iot„

191 2846 303 2926 aditis,
324 2845 374 2905 vel
392 2846 422 2903 in
439 2844 586 2905 Gallicam
609 2845 741 2924 linguam
763 2847 918 2907 translatis
1012 2844 1158 2907 Claudius
1179 2845 1312 2922 primum
1325 2843 1528 2904 Massiliensis
1541 2840 1677 2903 deinlar

192 2940 485 3000 iamamassecutus.
498 2938 918 3017 Latinasuot:1nrriaprio-
971 2940 1102 3000 ricensis
1131 2939 1300 3015 Episcopus
1330 2953 1378 2997 an.
1409 2935 1499 2999 4520.
1528 2926 1676 2997 defunctos

106 3083 115 3098 .
189 3033 338 3092 rancoe
355 3029 474 3110 cupito,
487 3030 523 3092 de
538 3029 656 3111 triplici
671 3031 915 3107 stoicViotoris,
971 3034 1047 3094 Eius
1064 3034 1201 3111 repetitio
1219 3033 1248 3089 in
1321 3029 1456 3107 (44444444
1471 3027 1555 3104 044.)
1576 3023 1676 3089 taurin

191 3127 408 3204 poenitentium
423 3125 661 3204 ,proficientium
673 3132 705 3185 44
715 3127 917 3204 perlectorum
972 3125 1081 3206 prodiit
1100 3141 1150 3185 so.
1173 3125 1251 3186 4493
1273 3140 1320 3201 ap.
1337 3122 1494 3185 Nicolaum
1516 3121 1555 3184 de
1574 3116 1677 3183 4444444

191 3217 229 3280 44
241 3221 372 3280 Leonem
384 3221 422 3279 Χ.
433 3221 555 3280 Taurini
567 3220 649 3293 4548
658 3265 665 3295 ,
676 3220 725 3280 444.
736 3217 824 3296 cuius
837 3236 918 3279 com·
972 3221 1030 3280 ctis
1049 3226 1080 3279 et
1096 3219 1241 3278 iacobum
1258 3217 1364 3295 Guygs
1380 3216 1418 3278 de
1436 3217 1466 3277 S.
1478 3216 1626 3277 Germano
1639 3213 1676 3273 lor.

192 3314 331 3373 menterii
349 3328 419 3391 pars
436 3313 534 3373 luceru
552 3311 671 3373 viderat
684 3314 804 3373 Parisiis
818 3312 916 3387 4544,
1011 3311 1227 3375 CLEDONlUS
1237 3313 1391 3371 Romanus
1400 3311 1544 3385 Senator,
1554 3312 1679 3372 constan

192 3406 219 3465 4.
233 3406 295 3466 ‘sub
312 3405 418 3466 titulo:
436 3402 562 3465 Moruiis
579 3402 742 3483 explicatio
759 3402 920 3481 Eoonpelri
972 3401 1535 3483 tioopolitenusGrammaticus,cujus
1547 3402 1679 3465 conon

191 3500 310 3557 Lucae:
327 3499 437 3557 Missus
458 3507 506 3556 est
526 3497 671 3575 Angelus.
692 3495 916 3575 Disputationes
973 3497 1072 3558 torius
1088 3497 1230 3556 inertem
1246 3501 1409 3575 4444444444
1424 3495 1540 3557 Donati
1553 3513 1592 3557 ex
1608 3497 1681 3555 Fran

192 3589 342 3650 aduersus
357 3607 478 3651 errores
492 3597 521 3650 et
534 3596 647 3651 4444444
663 3589 869 3664 waldensium
877 3590 916 3664 h).
970 3593 1042 3653 cisci
1061 3591 1174 3652 Pithoei
1197 3590 1305 3654 Codice
1326 3589 1427 3650 editus
1450 3592 1531 3651 inter
1546 3590 1684 3651 Gramini-

194 3684 314 3744 Parisiis
333 3684 430 3760 4520,
454 3685 480 3743 4.
507 3684 550 3743 444
576 3682 688 3744 Divino
712 3683 915 3744 Providentia.
972 3687 1048 3746 ticos
1064 3686 1148 3746 Eliae
1175 3684 1308 3747 Putscbii
1336 3701 1402 3763 pag.
1422 3686 1523 3762 4856,
1542 3685 1626 3746 4939.
1640 3682 1684 3743 tis

193 3777 314 3838 Parisiis
326 3778 406 3837 4548
417 3778 454 3851 ,4
469 3782 501 3836 44
516 3775 593 3838 4637
607 3823 614 3854 ,
628 3779 655 3837 4.
670 3775 918 3856 SpecnlcmFen·
971 3795 1041 3840 nov.
1062 3780 1159 3852 4605,
1178 3780 1205 3839 4.
1222 3778 1463 3838 Grammaticum
1487 3795 1546 3839 nec
1570 3774 1685 3839 inernd's

192 3868 310 3931 (4444444.
340 3871 474 3931 Basileae
503 3873 600 3946 4566,
628 3872 660 3932 8.
677 3870 851 3932 Additiones
876 3869 919 3930 444
971 3876 1038 3930 tum
1055 3885 1111 3928 nec
1128 3868 1224 3931 melea
1239 3866 1333 3944 lrugis
1350 3865 1455 3927 laudat
1470 3867 1615 3929 Barthius
1630 3880 1683 3944 pos·

191 3962 368 4024 Bartholom
388 3971 419 4024 et
442 3962 560 4044 aliquot
582 3964 769 4046 repetitiones
791 3964 823 4024 in
842 3965 917 4024 Jure
973 3964 1060 4024 4555.
1079 3959 1245 4021 Adversor.
1367 4006 1375 4019 ,

126 4139 128 4143 ,
194 4055 287 4120 Civili
301 4060 380 4118 inter
397 4059 496 4118 varios
514 4061 727 4138 repetitionum
748 4061 829 4119 iuris
845 4060 918 4120 scri-
1011 4052 1154 4115 Nicolens
1170 4050 1206 4113 de
1221 4050 1443 4114 CLEMANGIS
1457 4053 1484 4128 4)
1499 4054 1598 4131 patris
1613 4052 1686 4112 6444

192 4156 313 4230 ptores,
329 4149 459 4229 junctim
476 4151 573 4212 editos
594 4152 732 4230 Lugduni
751 4154 848 4229 4553,
867 4152 915 4214 441.
971 4148 1091 4210 lunensi
1118 4162 1212 4225 pago,
1241 4144 1426 4223 Clamenge)
1454 4147 1598 4224 Magister
1622 4140 1687 4205 Puri-

233 4245 346 4305 Gallice
364 4247 486 4323 scripsit
507 4244 681 4322 historiam,
699 4247 765 4305 sive
786 4261 919 4323 panegy·
972 4242 1081 4302 siensis
1097 4245 1129 4300 et
1149 4257 1187 4300 cs
1208 4239 1292 4300 curie
1311 4236 1518 4300 Avenionensi
1546 4232 1687 4320 Benedicti

193 4340 289 4399 riuum
308 4338 389 4400 lectu
409 4336 534 4416 dignum
556 4338 701 4399 Ludovici
717 4338 784 4399 Xll.
801 4338 916 4412 editum
970 4337 1051 4396 xlii.
1067 4335 1115 4394 cui
1130 4332 1167 4392 ab
1183 4332 1327 4410 Epistolis
1344 4331 1457 4407 luerat,
1476 4333 1591 4395 Cantor
1603 4332 1628 4405 4)
1640 4332 1686 4390 84·

192 4434 313 4493 Parisiis
325 4432 413 4495 4508.
425 4434 452 4508 4)
465 4433 492 4490 8.
510 4431 565 4508 (44
575 4449 636 4511 quo
646 4432 779 4492 Jscobus
792 4430 820 4489 le
835 4432 918 4509 Loog
972 4428 1118 4506 jocensis,
1132 4427 1180 4486 vir
1196 4424 1304 4486 doctus
1321 4430 1352 4485 et
1369 4424 1528 4501 cordatus,
1545 4425 1625 4485 diem
1638 4421 1689 4483 obi

857 4570 860 4576 .
976 4526 998 4582 it
1011 4524 1089 4582 circa
1102 4519 1225 4580 Annum
1238 4519 1315 4581 4440
1329 4516 1419 4595 cujus
1431 4521 1528 4580 vitam
1542 4525 1615 4598 post
1624 4518 1689 4578 Lau·

236 4634 262 4693 s)
279 4631 527 4682 Gnidot‘aocirollus
538 4629 584 4681 itb.
597 4633 628 4680 it.
641 4629 672 4680 de
684 4628 866 4692 interpretibus
885 4633 927 4677 tu·

190 4712 225 4760 ris
236 4719 293 4768 esp.
308 4705 364 4754 447.
374 4708 491 4756 iiisseron
503 4707 635 4755 Memotras
647 4711 708 4754 tour.
719 4706 801 4754 niv.
815 4716 842 4765 p.
853 4702 914 4753 ses·

236 4782 265 4844 b)
283 4783 435 4830 possevinus
452 4784 539 4830 444444
554 4791 629 4841 quem
646 4780 796 4828 cttttbltiid
814 4779 929 4828 Cossor-
973 4773 1106 4824 historiam
1122 4774 1159 4821 sit
1169 4810 1177 4832 ,
1189 4769 1222 4820 ab
1234 4774 1307 4818 hono
1324 4767 1385 4818 4405
1405 4770 1544 4833 procedere
1559 4770 1593 4821 sd
1608 4776 1694 4820 Annon

193 4858 269 4906 dium
292 4856 329 4902 sit
352 4856 483 4916 scripsisse
510 4861 606 4904 eontra
626 4854 802 4914 Wetdenses,
818 4863 927 4914 eumque
974 4844 1385 4906 1515,Ersctsdslitterotnrs
1404 4843 1644 4908 nonomen

187 4933 283 4984 librum
301 4935 406 4980 emtore.
1018 4922 1045 4984 4)
1062 4926 1114 4971 tion
1132 4918 1349 4982 archidiaconus,
1367 4927 1396 4971 ut
1415 4921 1587 4972 rrttoenton
1612 4933 1634 4971 c
1648 4915 1692 4967 744.

238 5005 263 5065 4)
278 5004 456 5055 timendoodus
480 5006 638 5066 meritorius,
656 5007 701 5068 qui
729 5005 796 5055 broc
823 4999 927 5051 laudans
973 5002 1052 5050 secuti
1069 4996 1205 5048 (44444444.
