3464 5318
207 343 272 406 444
465 296 470 303 ’
825 336 1122 399 conuiuiis

209 445 494 526 lli'erosolqmitciio,
513 443 700 523 impetrauit:
721 442 801 523 quod
820 460 924 505 socro-
1017 441 1430 523 cONllhOUSEuqelliusius
1444 444 1524 504 inter
1541 444 1699 507 Chronico

209 547 346 602 sunctum
361 555 468 599 munus
487 536 630 599 coenobio
644 536 798 599 Schireusi
813 540 820 614 (
833 540 862 597 in
881 538 925 598 di·
978 555 1046 599 rum
1067 540 1227 616 scriptores
1244 539 1374 599 refertur
1393 555 1411 599 a
1432 539 1544 600 Basilio
1561 538 1698 600 lohanue

210 638 306 696 oecesi
325 633 524 711 Frisingeusi)
544 631 685 691 tradidit:
707 637 736 692 et
751 630 871 711 quidem
892 648 925 690 eo
979 630 1119 708 Heroldo,
1137 632 1274 708 quicum
1292 631 1381 691 edere
1398 634 1540 710 promisit
1558 634 1651 711 praei.
1668 631 1700 693 ad

210 728 322 801 omine,
340 726 386 785 uti
400 725 570 805 quicunque
583 741 712 803 pressus
730 723 849 802 iuopia,
872 742 926 785 44-
958 727 1100 795 44444444
1128 726 1207 786 Scoti
1237 725 1405 786 chronicon
1432 726 1597 803 vulgatum
1614 725 1652 784 ab
1671 742 1700 784 eo

209 818 509 881 letiidiueveodverse
520 817 654 898 Solymos
662 818 815 898 proficisci
825 816 927 896 nequi·
979 819 1112 879 Basileae
1131 820 1217 879 i559.
1235 818 1440 896 christophori
1452 817 1557 880 Sandii
1573 820 1697 896 suspicio

209 915 306 989 verit,
323 932 382 972 non
398 913 542 972 uiliorem
557 912 690 986 aenium,
708 929 799 990 quom
815 911 845 972 si
857 908 927 970 illuc
980 918 1030 972 est
1045 911 1175 972 eundem
1190 928 1259 972 esse
1269 912 1349 972 hunc
1365 911 1590 991 Engelbusium
1603 912 1640 972 ab
1652 913 1699 972 lie·

209 1009 328 1082 ivisset,
347 1012 589 1087 coiisequeretur,
608 1005 637 1064 si
651 1004 772 1084 quidem
786 1001 926 1076 donorio,
984 1005 1065 1066 roldo
1090 1010 1311 1078 memoratum,
1335 1022 1406 1065 cum
1427 1007 1573 1084 Magistro
1595 1007 1691 1066 THEO

207 1119 264 1180 pro
278 1119 335 1160 suo
347 1100 459 1178 pietate
476 1095 930 1178 elorqitusfueritconueniunt
982 1098 1123 1160 DOlilcO
1148 1094 1329 1176 Eiiqelliusi'o
1355 1098 1591 1172 Eimbeccensi,
1624 1095 1699 1173 cujus

210 1195 240 1254 iii
259 1193 401 1256 Coencbi'o
429 1193 601 1268 Seliireusi,
632 1193 659 1262 b)
677 1190 830 1269 reliqi'om's
859 1206 929 1267 erqo
984 1191 1152 1253 chronicon
1176 1190 1213 1252 ab
1237 1191 1308 1250 orbe
1324 1190 1446 1250 condito
1474 1207 1576 1268 usque
1594 1189 1631 1250 ad
1649 1190 1699 1250 bii·

210 1289 346 1348 certatim
362 1285 552 1366 sinqulurum
579 1285 815 1364 septimanorum
842 1289 929 1345 seoeto
985 1302 1058 1346 num
1075 1286 1190 1346 chiristi
1209 1283 1286 1345 ituo
1315 1287 1344 1344 in
1371 1284 1470 1345 lucem
1494 1283 1550 1345 diu
1568 1286 1699 1363 postlla

174 1397 181 1404 ’
211 1381 259 1441 die
272 1383 297 1456 ci
306 1380 435 1460 populus
446 1399 482 1440 oo
494 1380 669 1442 Sacerdotes
680 1378 858 1458 complures.
871 1380 930 1438 Fa·
985 1380 1101 1440 roldum
1118 1380 1263 1458 protulit,
1292 1381 1373 1440 hlSS.
1391 1383 1524 1457 quatuor
1549 1377 1699 1439 codicibus

213 1492 264 1535 mo
290 1475 416 1554 denique
441 1473 682 1534 nominatissima
701 1478 819 1548 mouet,
840 1469 931 1532 sicuti
985 1491 1060 1534 usus
1076 1472 1252 1533 loachimus
1268 1472 1421 1532 lohannes
1441 1470 1587 1532 bladerus
1614 1472 1701 1531 444444-

210 1584 321 1647 qroves
338 1567 401 1628 uiri
417 1572 583 1640 testantur,
601 1566 770 1646 quicunque
787 1564 863 1625 boue
877 1581 927 1624 so·
986 1565 1076 1626 stadii
1096 1564 1168 1626 4674
1188 1609 1195 1638 ,
1220 1564 1246 1622 i.

212 1667 399 1722 cro-sunctae
424 1660 526 1720 crucis
550 1665 689 1740 partem,
718 1659 788 1719 dum
806 1659 835 1718 ei
849 1676 931 1718 mou-
1025 1660 1226 1722 CONRADUS
1241 1658 1426 1739 Episcopus,
1443 1656 1516 1717 vide
1535 1657 1632 1731 inira,
1647 1657 1700 1715 Mo-

213 1761 348 1829 strntur,
370 1754 556 1832 conspicatus
582 1772 640 1813 nou
655 1752 768 1833 suerit,
796 1757 852 1811 out
871 1751 932 1812 cri'·
983 1753 1138 1833 quatinus.

214 1849 289 1908 mini
300 1847 446 1927 slcqitioso
464 1846 627 1907 obuom‘um
644 1864 727 1922 esse,
750 1837 810 1905 'out
831 1844 930 1906 eodem
1024 1844 1226 1908 conuiuiis
1242 1862 1280 1904 ex
1301 1844 1445 1905 Monacho
1473 1844 1704 1905 claraevallensi

213 1958 290 2002 ouno
298 1940 503 2022 proculdubio
515 1941 710 2015 moriturum,
729 1939 761 2000 iil
776 1938 933 2019 quodpro·
984 1938 1085 2000 Abbas
1102 1935 1321 1998 Eocrboceiisi's
1332 1939 1362 1997 iii
1373 1939 1512 1997 Dioecesi
1530 1939 1704 2015 bloguntiua,

215 2035 317 2097 bolum
327 2055 385 2095 nou
397 2035 488 2097 semel
498 2052 576 2109 csse,
588 2039 660 2093 suut
670 2032 725 2113 qui
736 2031 844 2091 dicunt.
864 2031 930 2090 llu-
985 2032 1105 2094 Ordinis
1122 2033 1354 2106 cisterciensis,
1382 2032 1461 2090 circa
1486 2029 1615 2090 Annum
1638 2030 1704 2092 litii

214 2136 279 2190 tunt
292 2128 390 2188 uilliuc
407 2130 482 2188 istae
499 2125 659 2204 reliquiae,
676 2130 765 2203 alque
776 2122 932 2202 diliqeuter
986 2129 1106 2206 scripsit
1117 2123 1289 2186 Ercordium
1301 2141 1444 2203 meqiium
1457 2121 1586 2183 Ordinis
1604 2122 1705 2185 cister-

213 2227 386 2284 seroautur.
406 2219 562 2282 conradus
581 2218 720 2298 princeps
745 2216 932 2296 inperiosus,
986 2220 1105 2295 cleeris,
1123 2238 1177 2280 sex
1192 2220 1275 2279 libris
1292 2220 1357 2278 sive
1371 2215 1704 2290 distinctionibus,rdi-

214 2315 320 2394 qrooi's
339 2320 368 2374 et
383 2319 508 2373 ornatus
523 2310 674 2385 moribus,
697 2310 835 2370 Numinis
851 2326 935 2369 reue·
986 2322 1051 2376 tum
1067 2331 1084 2374 a
1102 2314 1241 2374 Tissierio
1257 2318 1329 2371 tom.
1355 2312 1387 2383 l,
1404 2310 1612 2370 Bibliothecae
1629 2314 1701 2368 vete

223 2407 432 2481 rectissimus„
452 2402 627 2465 liberalibus
648 2402 757 2463 studiis
779 2401 935 2481 sacrisque
988 2427 1055 2471 ium
1073 2409 1254 2485 scriptorum
1271 2403 1363 2482 hujus
1385 2403 1529 2477 Ordinis,
1551 2403 1703 2463 Bonorum

211 2498 376 2577 disciplinis
394 2496 531 2570 deditus,
550 2496 674 2575 priscae
692 2498 862 2557 sanctitutis
883 2511 933 2553 oe·
991 2503 1066 2567 4664
1085 2500 1133 2562 [oi.
1149 2499 1224 2560 Vide
1243 2516 1333 2577 supra
1345 2515 1411 2576 pag.
1426 2497 1488 2557 353
1515 2503 1548 2556 et
1576 2495 1702 2556 caiolum

213 2591 327 2668 mulus,
345 2590 468 2672 scripsit
483 2591 520 2651 de
538 2591 677 2652 laudibus
688 2596 810 2652 sanctae
827 2592 933 2652 crucis
988 2597 1025 2658 dc
1041 2593 1132 2655 visch
1149 2610 1216 2672 pag.
1235 2590 1283 2651 79.
1307 2589 1511 2652 bibliothecae
1530 2589 1653 2651 Ordinis
1666 2589 1702 2648 ci·

213 2685 397 2748 doctissimos
415 2683 660 2747 commentarios.
984 2688 1170 2760 memiensis,
1188 2687 1236 2746 cui
1254 2701 1362 2744 nomen
1377 2684 1515 2744 auctoris
1534 2682 1700 2743 tuucadbui

255 2779 455 2841 CONRADUS
464 2779 559 2838 Teuto
572 2774 761 2838 Dominicuui'
770 2775 890 2837 Ordinis
901 2777 931 2835 iii
984 2781 1102 2855 inediti,
1120 2782 1256 2858 ignotum
1274 2777 1343 2852 luit,
1358 2793 1435 2854 opus
1453 2776 1564 2854 ipsum
1583 2776 1699 2837 beneco

212 2873 371 2952 Germania
388 2869 598 2942 ProvincialiS,
619 2886 637 2929 a
658 2868 791 2929 Leandro
809 2868 930 2929 biberto
986 2877 1104 2953 gnitum
1125 2874 1301 2949 tritumque.
1480 2866 1482 2870 ”

214 2971 246 3026 et
262 2965 327 3025 aliis
345 2962 471 3025 traditur
489 2962 646 3039 scripsisse
663 2960 756 3020 uitam
780 2963 810 3022 S.
829 2959 930 3020 Domi·
1024 2965 1225 3031 cONRADUS
1246 2962 1282 3024 de
1304 2961 1463 3038 Fabaria,
1494 2963 1696 3043 Presbyteri

214 3057 290 3134 uici,
309 3056 388 3135 quod
407 3073 466 3116 non
483 3057 548 3115 sinc
566 3054 723 3114 rationein
742 3053 864 3116 dubium
879 3071 931 3113 vo·
986 3061 1123 3120 othmari
1134 3060 1211 3118 circa
1223 3056 1346 3118 hunum
1365 3056 1444 3118 ilic
1463 3059 1594 3136 scripsit.
1610 3057 1696 3117 libruui

214 3161 263 3215 cat
279 3152 406 3212 lacobus
423 3149 525 3222 Quetii
534 3192 541 3222 ‚
560 3163 650 3225 quem
667 3146 822 3207 videtum.
840 3149 866 3222 1,
884 3148 931 3207 iii-
984 3152 1020 3213 ile
1038 3148 1167 3215 Curibus
1183 3147 1360 3211 Monesterii
1374 3150 1407 3209 S.
1425 3147 1528 3225 calli,
1544 3158 1577 3211 et
1596 3145 1694 3211 cautu

212 3245 376 3305 bliothccae
393 3243 513 3302 Ordinis
530 3239 770 3301 Praedicatorum
787 3257 853 3319 pag.
873 3240 923 3299 444
983 3263 1055 3325 qum
1070 3242 1221 3305 Abbutum
1237 3246 1267 3304 S.
1284 3240 1365 3302 Galli
1379 3242 1417 3302 ab
1433 3242 1600 3319 Othmaro,
1617 3242 1694 3320 quill.

214 3339 346 3417 Scriptor
362 3341 463 3396 autem
481 3334 570 3394 libelli
586 3331 622 3392 de
641 3332 763 3392 liosurio
784 3333 821 3391 B.
839 3331 932 3409 Virqi-
986 3341 1018 3401 64
1028 3341 1055 3399 i.
1072 3343 1103 3400 ii.
1121 3339 1204 3399 Gallo
1217 3337 1365 3397 successit
1378 3351 1479 3413 usque
1498 3336 1536 3396 ad
1550 3337 1696 3415 Egloliuii,

214 3431 276 3505 nis,
291 3432 342 3506 qui
359 3428 455 3488 eidem
470 3428 630 3501 tribuitur,
647 3426 732 3503 longe
747 3424 873 3503 junioris
884 3430 932 3485 cst
985 3435 1036 3511 qui
1053 3432 1125 3490 obiit
1142 3431 1199 3490 An.
1218 3430 1305 3491 4442.
1337 3430 1513 3506 Utrumque
1531 3428 1629 3490 edidit
1647 3426 1698 3488 Gol-

214 3525 321 3584 aetatis
338 3520 493 3583 conradus
510 3519 676 3593 Zittardus,
692 3524 762 3579 utut
779 3520 842 3596 ipse
859 3535 933 3595 quo·
987 3527 1093 3587 (444444
1108 3531 1180 3584 tom.
1198 3525 1210 3583 4
1226 3570 1233 3600 ,
1251 3521 1524 3584 alamannicorum
1541 3541 1610 3603 pag.
1630 3522 1662 3583 ii
1675 3527 1697 3579 44

215 3633 274 3694 que
287 3615 488 3674 secuioXVll.
499 3615 669 3673 Provinciae
680 3612 855 3673 Germaniae
866 3613 933 3671 Pro
986 3621 1018 3680 94
1041 3616 1179 3679 editionis
1195 3633 1299 3676 novae.
1316 3627 1321 3636 ·

214 3711 329 3768 vinciae
347 3708 556 3783 Provincialis,
583 3705 671 3783 cujus
702 3706 866 3766 lucubratio
894 3705 932 3764 de
1027 3708 1226 3774 CONRADUS
1243 3705 1451 3782 Fubulurius,
1471 3711 1575 3788 inira,
1604 3711 1698 3773 cimu-

215 3803 328 3879 origine
351 3806 383 3859 ct
409 3801 537 3860 utilitate
563 3801 815 3860 confraternitatis
836 3800 865 3859 S.
881 3799 936 3857 Ro·
988 3805 1045 3866 iius
1061 3803 1097 3863 ile
1112 3805 1208 3862 Mure.

216 3897 285 3955 sarii
303 3894 401 3954 lucrm
422 3891 497 3952 vidit
519 3894 710 3953 constantiae
737 3898 767 3951 et
798 3892 935 3952 coioniae
1028 3895 1192 3960 GONRADI
1209 3894 1348 3970 Fratris,
1377 3904 1588 3973 cognomenta
1607 3894 1695 3957 Groliii

216 3989 305 4059 ⁴⁶03,
323 3987 369 4047 Η·
387 3986 465 4045 idem
494 3995 564 4046 lom·
581 3987 619 4056 ll,
637 4003 701 4064 pag·
721 3986 787 4044 360·
809 3986 851 4043 De
878 3984 934 4044 alio
987 3991 1055 4065 Dei,
1071 3989 1191 4049 Ordinis
1205 3987 1464 4063 Praedicatorum,
1483 3996 1517 4049 et
1534 3992 1644 4051 Prioris
1657 3990 1699 4050 444

215 4080 350 4143 Conrado
371 4082 504 4140 Toutonc
533 4080 708 4139 Provinciali
737 4077 823 4138 hnuo
856 4078 932 4138 i230
988 4086 1109 4145 naslerii
1128 4083 1156 4143 S.
1175 4082 1353 4142 catharinae
1373 4083 1585 4162 Panormitam
1601 4088 1630 4146 iii
1644 4084 1697 4145 sici

219 4175 298 4235 idem
318 4182 389 4233 tom.
411 4175 442 4249 4,
461 4190 526 4251 pag.
544 4173 592 4235 il.
948 4254 951 4258 Α
988 4179 1046 4254 444,
1067 4173 1201 4256 Epicteto
1226 4173 1262 4235 ad
1287 4173 1438 4253 Angelum
1454 4178 1695 4242 aoccamazzui.

255 4319 281 4380 4)
297 4318 483 4369 coniertacobl
498 4319 606 4367 (44444444
620 4315 938 4367 bortumdecrucoschl·
985 4272 1164 4375 EPi⁸⁰⁰pum
1181 4268 1402 4341 catanensem’
1425 4285 1484 4330 ⁸⁰¹¹
1504 4266 1598 4375 ὀψο
1615 4270 1691 4376 ΒΨ

210 4401 295 4456 rensl;
321 4400 347 4443 et
374 4397 403 4442 ii.
428 4393 599 4442 Christianum
624 4391 746 4439 lobannis
771 4391 803 4439 iid
829 4388 937 4438 conradi
985 4381 1071 4424 '¹²⁶⁰'2
1087 4360 1193 4423 abAn·
1213 4359 1290 4421 ⁴⁰27
1307 4359 1344 4420 ad
1364 4360 1442 4422 ⁴283
1461 4371 1617 4443 senilium
1633 4377 1692 4424 ⁰¹¹&

211 4472 355 4521 chronicon
369 4470 500 4519 sabinense
511 4479 570 4530 pag.
582 4466 614 4514 25
626 4469 669 4527 qui
683 4465 790 4514 444444444
801 4463 937 4524 diplomati
985 4458 1107 4520 Annum
1126 4455 1203 4516 l305
1220 4456 1246 4530 a)
1263 4453 1441 4533 editumque
1455 4459 1598 4534 primum
1623 4476 1639 4519 a
1659 4457 1693 4513 iu

215 4548 267 4596 duo
283 4558 341 4609 pag.
361 4543 437 4594 sl-ii
452 4543 555 4594 exbibet
566 4577 573 4602 ,
583 4547 608 4590 et
623 4543 723 4590 iconem
739 4538 865 4601 duplicem
880 4549 938 4587 aera
986 4555 1083 4614 banne
1096 4551 1230 4628 Baptista
1246 4548 1284 4607 de
1300 4548 1421 4608 Grossqs
1436 4550 1467 4609 qn
1486 4552 1606 4614 Cama
1627 4562 1690 4611 sacra

210 4617 724 4744 314ῗὶ444444]4444444444444,4444444
745 4611 873 4675 splendide
893 4624 937 4662 ve·
987 4649 1063 4710 4654
1082 4645 1129 4706 fol·
1146 4662 1211 4723 pag·
1230 4646 1240 4703 q
1250 4644 1286 4702 43
1304 4641 1412 4702 demde
1428 4659 1446 4702 a
1460 4644 1603 4705 johanne
1619 4644 1689 4704 pm„

253 4768 281 4828 b)
296 4772 430 4817 Praeterea
444 4765 519 4815 semel
536 4766 674 4827 quotannis
691 4765 717 4811 lii
735 4762 797 4812 testo
814 4765 939 4814 inventio·
986 4744 1065 4802 cisco
1081 4737 1173 4799 Abcla
1190 4739 1218 4797 in
1234 4736 1332 4798 Melita
1341 4736 1496 4798 illustrata
1513 4756 1581 4818 pag.
1595 4733 1686 4800 «itit

208 4849 248 4895 iiis
267 4847 319 4905 eius
335 4845 446 4892 accurrit
463 4839 495 4889 ad
518 4840 584 4890 bunc
599 4841 706 4888 Crucem
723 4836 854 4888 colendum
871 4838 938 4885 mul·
989 4831 1085 4908 4647,
1104 4830 1151 4891 [ol.
1171 4836 1201 4890 ei
1218 4837 1302 4909 parte
1319 4828 1382 4890 XV,
1405 4828 1558 4893 Thesauri
1572 4829 1684 4893 siciliae,

213 4918 295 4972 444444
311 4917 375 4964 lotii
391 4923 416 4964 et
434 4916 541 4978 iimpllui
559 4915 690 4964 hominum
713 4913 743 4962 ud
760 4911 938 4975 promerendas

209 4991 398 5052 indulgentias,
419 5002 483 5051 quae
500 4992 553 5052 jum
571 4989 603 5039 ab
619 4996 667 5040 lii.
687 4988 747 5038 4447
765 4987 891 5050 plenariae
907 4998 937 5035 ei

198 5069 242 5117 dle
260 5063 449 5116 conceduntur.
1028 5059 1054 5122 4)
1069 5063 1121 5110 lac.
1136 5055 1265 5108 Ecbtidus
1283 5063 1344 5106 tom.
1361 5057 1392 5117 i,
1411 5068 1471 5124 paq.
1489 5056 1548 5110 4448.
1563 5056 1616 5109 444.
