3464 5318
606 315 1027 379 044040040000
1266 272 1268 277 ’
1509 324 1566 385 351

65 419 166 493 4544,
184 420 211 478 8.
231 420 239 496 l
248 436 325 496 quae
339 419 429 479 editio
444 427 562 499 praeter
578 438 642 482 rem
664 425 791 501 propri-
845 423 978 500 bejensis
989 424 1132 485 retulerat
1144 425 1180 485 ad
1192 426 1344 488 PETBUll
1355 426 1565 491 44444444Ν4444ι

65 530 117 572 400
146 512 322 573 venditatur
339 515 368 572 40
386 515 579 593 autographis
595 517 791 596 Budolphinis
846 536 922 595 quos
950 536 988 578 ex
1017 520 1051 579 D.
1078 519 1232 598 Stephano
1259 519 1297 580 de
1322 523 1436 583 4404000
1466 531 1571 601 postea

64 614 138 665 tom.
152 607 163 665 l
176 623 243 684 pag.
257 605 333 682 467)
349 609 469 668 Ρο440440
482 609 575 680 1574,
593 611 620 668 8.
637 612 790 688 (4000040
844 614 990 689 comperit
1012 612 1189 691 chrysologi
1212 630 1299 674 esse:
1322 614 1411 693 cujus
1431 617 1480 676 0444
1502 618 1569 695 qui·

63 700 228 761 editionem
249 699 475 761 emendationes
496 701 598 761 Latini
616 702 730 763 Latinii
748 704 789 764 le-
844 703 914 764 dam
932 721 1089 765 sermones
1106 711 1217 779 etiam,
1234 708 1285 784 qui
1304 709 1333 766 in
1352 709 1457 768 Felicis
1476 710 1566 769 colle-

63 801 179 873 guntur
208 795 237 853 in
264 793 331 870 0400
358 795 541 855 Bibliotheca
567 797 789 873 sacro—profana
843 799 941 858 ctione
958 805 1099 876 exstant,
1120 800 1158 860 ad
1178 801 1357 861 Damianum
1380 817 1396 860 a
1418 802 1492 862 viris
1512 801 1565 861 do·

63 895 138 947 tom.
157 888 190 962 1,
208 903 274 965 pag.
291 887 349 962 98,
367 890 472 965 seqq.)
489 890 630 950 Coloniae
648 889 744 964 4678,
761 891 788 949 4.
842 894 900 952 0440
916 894 1186 969 4040400404,ου40
1201 894 1367 954 Damianus
1381 895 1486 954 multis
1502 911 1568 955 sae-

66 982 189 1042 Parisiis
211 982 308 1055 4585,
328 983 425 1056 4642,
444 984 462 1041 8
489 989 520 1043 04
536 995 607 1043 0004
628 986 725 1044 Leone
750 986 786 1045 44.
843 987 920 1047 00440
936 987 1034 1046 Felice
1052 988 1142 1047 tuerit
1156 985 1266 1063 junior.
1289 987 1349 1046 Sed
1367 993 1397 1046 et
1415 987 1494 1047 idem
1512 989 1570 1048 Da-

66 1074 424 1135 ethlaximo'laurinensi
441 1076 789 1151 l6ll,fnl.etinFran-
843 1079 964 1140 charius
985 1087 1057 1139 tom.
1084 1081 1147 1153 Xl,
1175 1097 1241 1157 pag.
1270 1078 1328 1141 279
1355 1080 1445 1156 (edit.
1474 1096 1571 1140 novae

66 1166 143 1227 eieci
163 1163 335 1245 Comheyiaii
355 1168 537 1230 Bibliotheca
563 1172 789 1232 concionatoria
844 1179 916 1232 tom.
934 1175 967 1246 l,
986 1191 1050 1251 pag.
1070 1174 1101 1234 44
1118 1172 1126 1247 )
1143 1173 1298 1251 vulgavit,
1314 1190 1404 1251 quem
1423 1180 1569 1251 tanquam

66 1267 96 1319 et
115 1262 145 1317 in
163 1260 345 1321 Bibliotheca
365 1263 487 1322 Patrum
508 1265 677 1324 Coloniensi
701 1262 788 1326 Anno
844 1265 990 1327 ineditum
1017 1268 1125 1326 Petrus
1151 1267 1329 1325 Franciscus
1360 1265 1518 1327 chifletius
1539 1265 1567 1324 ei

67 1354 147 1412 4648
162 1359 234 1414 4040.
251 1354 295 1428 44,
310 1370 377 1432 pag.
395 1355 453 1415 662
468 1362 501 1415 04
516 1356 710 1434 Lugdunensi
730 1357 786 1419 An.
843 1358 1088 1437 suppeditaverat
1098 1361 1271 1421 8040400040
1282 1358 1313 1417 in
1321 1356 1425 1419 Natali
1435 1356 1564 1434 Domini,

69 1445 148 1506 4677
170 1452 243 1505 4040.
261 1447 334 1520 4444,
349 1464 414 1525 pag.
433 1449 491 1509 845
508 1457 538 1510 04
559 1467 597 1509 ex
614 1459 788 1512 recensione
843 1449 982 1512 Auctoris
1002 1453 1054 1529 qni
1071 1453 1150 1513 circa
1168 1452 1291 1512 Annum
1309 1453 1367 1511 566
1389 1453 1518 1524 vixerit,
1535 1458 1566 1511 et

70 1536 222 1618 Theophili
239 1538 417 1619 liuprandi,
440 1559 510 1602 cum
532 1544 631 1603 Leone
662 1545 787 1622 llagno,
844 1545 970 1605 40440000
992 1547 1022 1605 S.
1045 1545 1266 1618 FULGENTll,
1288 1545 1340 1621 qui
1362 1550 1464 1604 tamen
1487 1545 1565 1619 inter

69 1634 199 1692 44044400
220 1633 416 1710 4004400004,
433 1636 589 1713 Fulgentio
613 1643 670 1697 010.
689 1639 718 1696 40
737 1638 790 1698 he·
844 1654 999 1697 sermones
1030 1638 1206 1716 Chrysologi
1235 1639 1350 1698 auctior
1377 1653 1394 1697 a
1421 1637 1566 1714 principio

65 1724 156 1802 04060
173 1727 347 1803 0400004004
366 1727 556 1805 christiana,
574 1731 665 1790 Paris.
690 1732 788 1807 4623,
844 1738 936 1808 04000
952 1731 1137 1791 emendatior
1151 1733 1243 1790 etiam
1260 1732 1359 1790 lucem
1382 1731 1502 1807 saepius
1519 1730 1567 1787 vi-

66 1821 166 1893 4628,
185 1819 323 1898 Lugduni
339 1822 425 1881 4633.
441 1823 560 1882 Ρο440440
578 1825 649 1884 4664
670 1870 677 1899 ,
697 1824 789 1899 4674,
843 1826 938 1901 60404,
955 1842 1055 1885 004400
1077 1826 1189 1886 CXLV.
1207 1831 1240 1884 ut
1257 1824 1451 1896 observatum
1473 1822 1564 1883 Paulo

70 1914 118 1973 lol.
141 1919 173 1972 04
193 1930 263 1973 0004
286 1913 396 1973 scholis
418 1920 449 1974 04
469 1916 535 1975 Vita
556 1916 711 1995 crysologi
738 1936 792 1996 per
845 1920 1010 1980 colomesio
1029 1920 1058 1976 40
1073 1918 1304 1996 paralipomenis
1318 1915 1355 1974 do
1371 1915 1576 1992 scriptoribus
1643 1915 1652 1933 ⁶

67 2005 255 2065 Dominicam
270 2005 614 2085 Mitem,presbyterum
625 2012 792 2069 Bononien-
844 2014 1066 2074 Ecclesiasticis
1087 2026 1153 2088 pag.
1171 2011 1230 2071 263
1248 2017 1279 2069 04
1296 2011 1326 2068 40
1343 2008 1567 2068 Observationi-

72 2116 158 2173 sem,
176 2101 227 2175 qui
249 2100 431 2176 praeclaram
454 2117 575 2178 operam
597 2103 626 2160 in
648 2104 793 2161 sermoni·
845 2107 903 2166 hus
920 2107 1013 2165 000440
1030 2122 1095 2182 peg.
1115 2105 1181 2163 433.
1201 2103 1354 2162 Sermonis
1371 2096 1464 2177 huius
1485 2101 1567 2160 clau-

70 2193 130 2252 bus
147 2191 230 2252 hisce
247 2191 284 2252 ad
301 2192 398 2266 llStos
414 2193 539 2253 Codices
555 2195 752 2255 emendandis
762 2195 790 2270 44)
843 2200 909 2258 0040
932 2198 1010 2257 46040
1033 2203 1119 2275 urget
1140 2204 1373 2274 argumentum,
1391 2211 1450 2271 quo
1471 2195 1568 2254 utitur

68 2287 191 2363 posuit,
209 2287 357 2345 Bononiae
376 2287 471 2362 4643,
490 2287 517 2345 l.
536 2288 674 2347 Coloniae
693 2287 790 2363 4678,
844 2292 1048 2368 chrysologus
1070 2291 1098 2348 in
1121 2290 1274 2367 Epistola,
1296 2287 1334 2347 de
1355 2304 1414 2365 qua
1437 2304 1508 2346 mox
1527 2283 1566 2345 ad

69 2381 95 2439 4.
114 2386 147 2439 04
163 2395 233 2438 0040
249 2382 473 2439 commentariis
487 2380 615 2442 44044404
626 2381 675 2441 del
685 2380 793 2444 castil-
844 2382 1034 2460 Eutychem:
1056 2381 1189 2459 Triginta
1210 2380 1297 2440 annis
1318 2379 1467 2440 hantonae
1489 2377 1566 2456 40900

68 2472 95 2533 40
113 2473 139 2548 0)
152 2474 335 2550 Burgensis,
351 2473 471 2534 Ordinis
486 2476 652 2550 llinorum,
676 2475 794 2554 Lugdu·
847 2475 1064 2553 (Valentiniani
1083 2474 1139 2534 440.
1164 2475 1240 2549 449)
1263 2473 1412 2533 hamanus
1432 2471 1570 2531 adimunt

68 2567 208 2643 044676,
221 2566 268 2626 401.
282 2565 429 2628 4160444044
452 2585 485 2628 00
502 2585 536 2627 00
553 2576 614 2628 4004
629 2570 792 2644 640044004,
847 2567 1052 2648 quaestiones:
1067 2573 1096 2626 et
1110 2566 1235 2630 CHrroti
1244 2565 1397 2645 pancratio
1410 2613 1417 2642 ‚
1428 2583 1504 2645 qaae
1519 2562 1570 2623 Di-

68 2662 224 2740 ingeoium
251 2660 537 2737 foecundissimum,
564 2663 678 2740 stylum
702 2680 792 2741 supra
846 2662 918 2722 0400
935 2664 1009 2739 4090
1025 2658 1172 2722 scribitur
1192 2657 1428 2734 inenarrabilis,
1442 2664 1512 2737 post
1528 2662 1570 2717 tot
1643 2722 1651 2734 ‚

67 2772 179 2818 aevum
202 2755 282 2815 istud
298 2761 413 2816 tersum
430 2764 520 2835 atque
541 2761 709 2837 elegantem
723 2776 793 2837 040-
845 2754 967 2816 4000040
984 2754 1181 2834 disputatione
1200 2753 1361 2813 temerario
1381 2749 1570 2814 ventilatur?

70 2851 173 2911 lessus
194 2856 242 2909 est
262 2850 306 2908 10.
321 2851 473 2911 4400444440
488 2869 516 2929 0.
532 2853 560 2913 2.
575 2854 706 2912 Exercit.
728 2854 792 2914 cri·
884 2846 1022 2928 Epistola
1050 2846 1093 2907 ad
1124 2845 1315 2925 Eutychetern
1349 2847 1566 2923 Presbyterum

73 2946 123 3003 tic.
141 2960 207 3024 cap.
225 2943 267 3002 Xl
289 2943 338 3003 ubi
360 2943 423 3003 loca
440 2945 585 3021 quaedam
604 2946 670 3021 ejus
691 2962 793 3005 emen·
847 2945 958 3020 scripta
976 2942 1073 3002 medio
1094 2939 1172 3000 Anni
1192 2940 1249 2998 449
1277 2945 1308 2999 04
1336 2939 1457 3000 4006040
1473 2941 1511 3000 ab
1531 2939 1572 3001 Α·

72 3036 127 3096 dat
142 3053 210 3114 pag.
227 3038 283 3103 436
307 3054 370 3113 seq.
392 3035 562 3096 Zachariae
583 3037 694 3098 Landii
706 3040 794 3100 com·
847 3036 945 3113 gnello
957 3052 1021 3113 pag.
1034 3035 1171 3108 323000.
1184 3030 1281 3107 llujus
1291 3033 1443 3108 Epistolao
1454 3032 1566 3109 duplex

69 3130 244 3190 menterius
260 3131 288 3187 in
304 3129 522 3207 chrysologum
536 3131 658 3205 ,Variae
669 3133 741 3190 Lect
763 3138 794 3190 et
848 3128 937 3187 editio
950 3135 1063 3200 exstat,
1078 3144 1140 3186 aaa
1157 3125 1254 3202 qualis
1269 3142 1307 3183 044
1321 3123 1431 3183 Codice
1445 3126 1569 3184 Estensi

71 3221 354 3282 animadversiones
370 3225 506 3300 copiosae
521 3225 604 3284 MSS.
627 3226 709 3284 luere
726 3223 795 3283 ilai·
848 3221 1007 3280 exhibetur
1035 3238 1053 3280 a
1079 3217 1227 3279 Bacchino
1247 3219 1328 3276 notis
1348 3216 1385 3275 ad
1407 3215 1568 3293 Agnellum

68 3319 139 3376 niae
167 3315 246 3394 apud
277 3316 425 3375 illustrem
457 3318 684 3394 Bostgaardum.
716 3318 793 3394 Esse
849 3330 914 3392 pag.
934 3314 991 3373 344
1009 3320 1094 3373 etex
1112 3311 1219 3372 Codice
1237 3311 1362 3371 Thuano
1380 3311 1509 3370 occurrit
1527 3311 1572 3368 in-

71 3409 223 3487 quosdam
245 3410 274 3467 40
296 3409 379 3470 hisce
401 3412 608 3478 sermonibus,
630 3413 680 3489 qui
702 3412 795 3472 alium
849 3416 896 3467 ter
913 3403 1021 3468 Leonis
1037 3407 1072 3468 44.
1091 3407 1242 3484 Epistolas
1260 3403 1572 3480 40064440041400004

72 3502 208 3560 440140004
219 3508 371 3561 auctorem
381 3501 457 3578 ,jam
470 3520 487 3562 a
498 3506 603 3563 multis
617 3510 794 3564 annotatum
847 3500 974 3561 busdam
990 3518 1085 3578 ,0000
1101 3501 1343 3570 Quosnellianam
1359 3503 1570 3557 antecessere:

69 3600 140 3666 est,
169 3593 239 3653 licet
265 3593 446 3671 conjecturis
473 3598 573 3673 004400
600 3614 649 3657 400
675 3599 793 3675 agitur,
848 3593 947 3655 altero
960 3593 1081 3653 dimidio
1092 3600 1176 3652 tanto
1187 3595 1414 3669 auctior,quam
1426 3608 1464 3650 044
1479 3591 1570 3650 llStis

69 3703 165 3764 quam
184 3690 371 3765 argumentis
387 3691 487 3748 certis.
506 3689 580 3748 Vide
597 3691 672 3750 40440
687 3691 715 3748 40
734 3692 795 3751 SE·
848 3689 1000 3749 Vaticanis
1017 3692 1047 3746 et
1070 3686 1169 3746 Sirleti
1192 3685 1292 3745 codice
1313 3684 1478 3762 publicavit
1497 3700 1569 3744 cum

66 3781 199 3840 VERUS
212 3779 414 3842 Malacitanns
424 3830 432 3856 ,
444 3789 475 3842 04
486 3784 707 3844 Tillemontium
721 3790 793 3843 tom.
849 3782 928 3839 notis
943 3778 1095 3839 Gerardus
1110 3779 1234 3837 Vossius
1251 3778 1288 3836 ad
1305 3778 1417 3852 calcem
1435 3775 1569 3854 Gregorii

68 3876 126 3936 XV
140 3877 309 3934 memoriar.
322 3893 387 3954 pag.
400 3878 458 3935 866
471 3884 502 3935 04
513 3877 665 3937 00640040
683 3883 755 3937 4040.
767 3880 792 3954 l,
848 3873 1061 3947 Thaumnturgi
1077 3918 1084 3948 ,
1100 3873 1230 3947 llogunt.
1251 3870 1347 3942 4664,
1370 3870 1397 3926 4.
1421 3886 1487 3945 pag.
1511 3869 1584 3928 465

66 3985 136 4046 pag.
154 3968 232 4028 4252
247 3968 297 4027 0444
314 3970 404 4028 etiam
423 3970 632 4048 inscriptiones
649 3972 794 4029 sermoni·
846 3965 1069 4026 additaGraeca
1083 3965 1222 4023 versione
1237 3968 1370 4039 exparte
1383 3964 1409 4020 4.
1422 3959 1566 4019 Actorum

66 4062 126 4121 hus
149 4062 180 4119 in
201 4061 353 4138 plerisque
374 4061 555 4123 editionibus
576 4063 725 4141 0400444400
746 4081 792 4123 40-
848 4059 970 4120 Concilii
988 4056 1262 4128 Chalcedonensis,
1280 4061 1352 4112 torn.
1368 4054 1405 4113 ll.
1426 4051 1568 4112 Barduin.

66 4163 117 4214 cte
138 4163 229 4232 negat
246 4171 315 4214 esse
332 4172 349 4214 a
366 4156 558 4234 chrysologo.
846 4171 912 4232 pag.
930 4152 978 4213 24.
993 4151 1101 4212 Lahbei
1115 4156 1188 4208 4040.
1203 4149 1241 4207 444
1254 4193 1261 4223 ,
1276 4164 1341 4225 pag.
1356 4148 1395 4207 35
1411 4163 1489 4224 0000
1505 4144 1569 4205 064-

110 4250 272 4310 Sermones
288 4251 314 4310 V
327 4246 358 4308 in
374 4249 545 4309 0404400040
558 4249 743 4310 Dominicnrn
755 4251 793 4311 ad
847 4249 887 4305 tio
899 4247 1003 4305 Latine
1015 4246 1135 4321 saepius
1146 4241 1254 4302 deinde
1265 4244 1392 4320 repetita
1403 4239 1439 4300 06
1453 4239 1566 4299 calcem

68 4343 334 4416 Catechumenos,
363 4346 478 4421 primus
507 4344 599 4403 edidit
628 4345 793 4405 Bucherius
848 4357 1021 4401 sermonum
1043 4338 1239 4416 chrysologi,
1261 4342 1291 4396 04
1312 4340 1380 4414 0004
1400 4333 1567 4411 Epistolam

65 4445 143 4495 tom.
166 4438 219 4497 Vll
247 4438 390 4515 spicilegii
416 4455 480 4516 pag.
503 4440 560 4499 426
583 4441 591 4515 4
599 4437 670 4498 0644.
696 4455 793 4499 novae
846 4434 956 4495 XXlll.
969 4434 1076 4493 Leonis
1087 4432 1123 4493 hl.
1140 4434 1169 4490 40
1186 4430 1315 4491 editione
1326 4428 1475 4488 Paschasii
1488 4427 1568 4497 Que-

68 4539 145 4591 tom.
164 4533 196 4609 1,
214 4548 278 4610 pag.
303 4533 381 4607 245)
398 4540 430 4592 04
451 4551 488 4593 ex
509 4532 703 4611 sidesscndicis
720 4532 791 4592 Cor·
846 4528 953 4599 snelli,
971 4516 1059 4603 'cnjus
1077 4533 1164 4585 00400
1180 4524 1338 4585 000004040
1351 4519 1469 4599 juvabit
1486 4527 1506 4578 4.
1525 4520 1566 4596 ll,

844 4638 911 4699 pag.
929 4621 1006 4691 426,
1024 4636 1087 4696 000.
1105 4618 1176 4678 0644.
1196 4620 1225 4675 40
1244 4617 1291 4675 404.

883 4712 1034 4792 Epistulae
1051 4711 1129 4772 olias
1142 4709 1246 4791 plnres
1261 4709 1419 4786 scripsisse
1434 4705 1566 4783 chryso-

108 4789 142 4910 32
157 4786 301 4910 efyoehgng?
319 4786 350 4836 “d
366 4788 499 4910 2⁸⁰⁰3³¹l¹¹¹¹
516 4791 707 4911 mff'quhl’m'
724 4789 780 4839 ³⁸⁸·
844 4809 944 4886 logum
963 4813 1047 4867 notat
1069 4807 1252 4865 Trithemius
1274 4819 1338 4881 cap.
1362 4803 1427 4862 456.
1450 4800 1563 4860 4404004

108 4909 136 4997 el
155 4872 275 4985 crofniss
291 4875 362 4986 ¹33¹!
350 4874 469 4987 40341440
482 4877 530 4986 ’ah'
545 4900 623 4989 gom}
646 4944 693 4992 An.
714 4938 794 5000 1373,
847 4903 1014 4979 fragmenta
1035 4901 1148 4978 aliquot
1171 4899 1248 4958 idem
1270 4897 1455 4959 colomesius
1476 4900 1568 4953 tosta-

61 5024 122 5075 440-
139 5011 198 5061 ²³⁷·
845 5000 894 5055 404
908 4996 1018 5074 legisse
1032 5010 1065 5054 sc
1080 4995 1110 5052 40
1126 4991 1248 5053 Lamina
1262 4989 1380 5053 anianae
1396 4988 1494 5062 ,libro
1504 5004 1574 5046 non
