3458 5332
189 344 248 410 4444
757 342 760 347 ’
825 335 1042 400 antistis

189 455 261 516 ditm
280 451 316 513 444
334 444 459 512 Pensio
486 448 551 512 cea.
580 445 760 509 Perruiram
776 445 801 506 1.
822 447 853 506 V.
870 446 905 506 D.
961 445 1016 507 444
1042 445 1225 507 moritania
1251 442 1691 523 regnumadepta‚qnia1to-

190 550 222 608 in
240 544 323 628 felici
340 543 460 605 ciuitate
480 539 717 603 FLORENTIAE
739 537 848 619 legente
860 556 909 598 or-
963 556 1052 600 mana
1066 541 1130 619 ipse
1140 554 1225 601 sacra
1236 539 1360 601 minime
1372 536 1538 617 probabat,
1551 538 1689 613 exul‚ac

190 639 308 702 (44444444
329 640 382 699 lus
404 633 720 716 Civilcsquee'ultra
740 649 839 694 omnes
856 631 911 711 414·
962 640 1031 713 post
1044 634 1285 712 quinquennium
1302 633 1425 694 demum
1439 631 1498 693 sub
1513 630 1689 695 Elisabetha

192 740 241 796 ret
258 732 385 810 ltaliae,
401 749 439 791 uc
456 729 584 811 imperat
593 726 720 809 feliciter
739 732 770 788 44
784 726 908 807 jupiter.
964 730 1073 790 iterum
1090 744 1232 789 reversus
1249 728 1280 787 in
1300 725 1455 806 hngiiam,
1470 731 1503 785 et
1519 726 1690 805 praebenda

192 827 293 889 ,444444
304 826 413 888 Actum
433 823 514 885 4445
531 821 581 883 444
594 822 626 882 in
640 821 723 882 44414
738 821 860 883 civiate
870 819 912 880 ad
964 826 1128 882 contentus
1142 821 1350 882 cantuariensi
1360 819 1440 882 diem
1451 820 1525 880 obiit
1540 818 1600 881 hn.
1612 821 1690 883 4549

193 921 332 981 honorem
350 924 381 979 et
397 915 497 996 glorie
516 914 620 993 1149444
632 914 754 975 Domini
761 918 792 973 et
804 910 913 975 satva-
964 930 1069 976 mense
1082 910 1252 993 Nouembri,
1265 915 1372 975 aetatis
1389 914 1436 974 444.
1454 912 1649 977 4444544444
1659 917 1689 973 in

193 1014 266 1074 toris
277 1011 375 1073 nestri
380 1012 407 1071 l.
421 1010 452 1072 C.
465 1015 495 1068 el
500 1007 650 1087 gloriosae
663 1025 738 1068 suae
745 1005 910 1086 genitricis,
965 1005 1123 1068 Pontifices
1146 1006 1295 1069 calamum
1312 1008 1375 1086 ipse
1398 1015 1526 1069 excusat
1548 1008 1645 1069 Praei.
1659 1009 1688 1067 in

195 1102 494 1188 444441414144444444
512 1100 667 1181 Baptistae
679 1105 708 1161 et
720 1097 847 1161 Zenolii
864 1117 913 1159 re·
966 1099 1042 1161 heta
1054 1099 1231 1161 Pontificum
1242 1143 1250 1174 ‚
1261 1107 1413 1161 caeteram
1431 1105 1467 1160 ut
1479 1099 1518 1161 de
1529 1116 1565 1160 eo
1576 1102 1692 1161 Monta-

189 1205 320 1282 pnretae
346 1195 516 1258 Florentiae
531 1191 707 1277 prooirrciee
738 1192 914 1274 specialium
967 1195 1067 1255 eutius
1077 1210 1145 1273 pagg
1155 1195 1193 1255 39
1204 1191 1690 1274 apparatus‚rhtpotentislrhpuae

190 1298 402 1374 protectorem.
412 1288 535 1368 Elqnie
547 1286 692 1368 scriptum
701 1286 783 1366 quod
793 1304 825 1346 44
838 1284 915 1346 mul-
968 1291 995 1347 et
1005 1283 1117 1347 calami
1126 1284 1303 1366 pleniorque
1314 1284 1460 1365 scriptor,
1473 1285 1507 1346 in
1518 1284 1623 1349 44441444
1633 1306 1691 1348 non

194 1386 314 1468 elloquio
333 1400 422 1446 error
440 1399 501 1442 non
519 1380 635 1456 444414,
655 1386 686 1442 44
703 1398 757 1460 epo
778 1397 915 1441 4444444444
967 1378 1220 1460 rejectilinsAEJ‘us
1231 1378 1430 1440 summarium
1440 1378 1690 1460 deScriploribus

194 1480 290 1542 multa
306 1477 421 1539 44444444
441 1493 527 1551 sum,
541 1492 579 1536 ne
592 1473 763 1535 4444444444
773 1478 914 1554 prooem
966 1472 1092 1554 majoris
1117 1472 1293 1535 Britanniae
1319 1474 1434 1536 editum
1454 1475 1642 1554 Gippeswici
1659 1478 1688 1535 in

194 1574 311 1636 44444444
331 1588 408 1653 quae
427 1569 500 1632 dicei
513 1568 692 1629 emreetioni
706 1584 837 1649 suppono
854 1584 915 1627 om·
967 1566 1092 1645 444144,
1108 1568 1185 1628 45414
1203 1561 1255 1627 4)·
1274 1566 1334 1629 Sed
1360 1567 1447 1646 longe
1473 1568 1595 1647 plenius
1611 1568 1690 1631 locu·

194 1669 278 1732 444444
288 1666 400 1727 rectius
410 1663 596 1726 sentientiam
613 1668 644 1722 et
651 1661 835 1742 mancipem
848 1678 915 1720 cor-
968 1661 1139 1738 pletiusque
1151 1659 1249 1721 iucem
1262 1660 1485 1723 44444144444444
1499 1663 1580 1725 4557
1590 1663 1692 1725 44444-

193 1762 320 1825 rectiori
335 1758 529 1822 Dominarum
553 1754 829 1818 excellentissimae.
847 1754 916 1818 Col·
968 1770 1027 1831 que
1045 1753 1217 1815 inscribitur
1240 1753 1429 1835 Scriptorum
1445 1753 1615 1817 illustrium
1629 1772 1692 1817 444-

195 1856 264 1937 lepii
289 1851 453 1915 Florentini
475 1850 577 1912 Arnen.
604 1852 682 1911 14444
713 1848 914 1910 disertissima
962 1846 1044 1928 joris
1072 1845 1266 1922 Britanniae,
1283 1864 1374 1928 quarn
1399 1865 1478 1910 nune
1500 1848 1643 1929 Anpliern
1662 1856 1691 1911 et

194 1950 286 2011 verba
298 1994 304 2025 ,
316 1963 393 2026 quae
403 1948 455 2007 vix
466 1946 557 2007 uliam
569 1945 794 2021 ambiguitatem
806 1941 913 2005 admit
969 1939 1097 2003 84444444
1112 1946 1231 2017 vocarat
1245 1940 1418 2021 Catalopus,
1428 1940 1520 2021 cuius
1531 1945 1614 2022 prior
1623 1960 1692 2024 pars

194 2052 258 2105 tere
278 2037 533 2122 presentemur
551 2053 678 2098 sensum
707 2035 916 2096 demonstrant
969 2035 1128 2096 Centurias
1142 2051 1272 2109 novem,
1288 2037 1435 2114 posterior
1449 2033 1485 2097 4.
1505 2038 1596 2099 4549.
1616 2039 1692 2101 Cen-

195 2136 385 2217 Epitaphium
401 2131 484 2194 144144
502 2130 660 2211 sepulchro
677 2130 852 2208 impositum
870 2147 915 2189 re-
969 2129 1079 2191 turiam
1094 2130 1123 2190 X
1149 2130 1191 2189 Xl
1208 2129 1264 2190 xli
1291 2129 1360 2190 Xlil
1377 2129 1445 2191 xiv
1468 2130 1689 2210 complectitur.

194 2232 313 2292 centius
323 2244 391 2288 esse
402 2232 434 2288 et
443 2226 481 2286 ab
492 2225 617 2286 authore
627 2240 683 2283 nec
695 2223 785 2301 plane
796 2238 915 2300 coaevo,
972 2223 1103 2301 Utraque
1128 2221 1257 2300 effigiem
1280 2220 1360 2282 144444
1387 2221 1477 2283 habet
1503 2224 1690 2303 praelixam,

195 2340 251 2383 nec
272 2322 347 2382 satis
364 2335 467 2379 rerum
495 2333 513 2377 a
539 2315 630 2377 Baldo
656 2322 810 2394 gestarum
825 2333 917 2395 gnam
970 2333 1048 2394 quae
1057 2321 1158 2377 exstat
1168 2317 1259 2400 etiam
1269 2315 1347 2394 apud
1355 2316 1499 2379 iacobum
1510 2318 1690 2398 Verheydcn

195 2408 349 2476 dictatum.
367 2413 441 2472 Nam
463 2412 493 2469 in
510 2407 660 2487 epitaphio
676 2409 724 2468 ilio
740 2408 848 2469 obiisse
863 2426 918 2469 er·
971 2426 1036 2488 pag.
1050 2407 1156 2471 44714
1168 2407 1224 2473 hoc
1235 2408 1375 2488 Camlogo
1386 2409 1488 2472 itidem
1500 2412 1692 2493 4444444444-

102 2580 105 2585 ,
197 2510 335 2587 primitur
362 2520 409 2565 an.
440 2502 526 2565 4400.
549 2504 605 2562 Diu
625 2502 746 2580 quidem
772 2502 917 2562 multum·
971 2504 1029 2561 sim
1044 2499 1120 2563 Acta
1136 2501 1325 2582 Pontificum,
1343 2520 1420 2582 quae
1440 2502 1550 2566 deinde
1570 2521 1690 2586 separa·

196 2616 255 2678 que
272 2599 354 2658 haesi
380 2596 489 2657 dubius
514 2612 588 2656 num
603 2598 748 2673 scriptum
766 2593 821 2654 hoc
836 2610 916 2656 ame
970 2596 1025 2656 tim
1041 2611 1155 2657 excusa
1169 2613 1239 2657 curn
1255 2595 1372 2657 lieberti
1390 2599 1486 2659 Barna
1502 2599 1577 2659 vitis
1594 2601 1691 2661 Ponti-

197 2693 345 2771 pruiatum
357 2688 394 2750 ad
406 2688 531 2749 Baldum
541 2687 745 2749 debnnolinis
756 2731 764 2762 ,
775 2688 826 2765 qui
840 2687 917 2766 pari-
971 2688 1080 2764 ticum,
1096 2696 1220 2751 curante
1235 2692 1348 2751 loanne
1364 2692 1490 2751 11444444
1504 2690 1620 2770 Lydio,
1634 2695 1690 2755 bu·

197 2795 251 2847 ter.
261 2783 337 2863 juris
347 2783 445 2844 civilis
460 2784 585 2843 scientia
597 2782 714 2857 claruit,
725 2778 914 2841 referendum
971 2782 1063 2864 gduni
1078 2786 1141 2845 Bat.
1160 2784 1292 2859 1ott,8
1316 2784 1396 2845 sicut
1421 2783 1545 2857 Baleum
1571 2802 1690 2867 quoquc

198 2886 288 2939 esset.
301 2876 360 2939 Sed
376 2892 446 2937 cum
458 2876 488 2935 in
499 2875 628 2935 Fabritio
644 2873 692 2933 hic
702 2873 838 2951 legamus
850 2871 917 2949 Bal·
971 2884 1108 2941 mentum
1125 2894 1193 2939 esse
1209 2894 1243 2939 se
1260 2876 1416 2957 profitetur
1429 2877 1606 2957 Stephanus
1621 2882 1690 2943 Sne

199 2972 270 3033 dum
288 2970 369 3031 bunc
380 2968 531 3049 juniorem
548 2968 657 3028 obiisse
671 2969 747 3029 Pisis
760 2984 809 3029 au.
826 2966 915 3029 4490.
969 2969 1117 3050 godinus,
1133 2971 1302 3032 9444444444
1323 2970 1352 3029 in
1373 2971 1496 3051 speculo
1516 2974 1688 3047 Pontificio,

199 3067 250 3124 vis
272 3063 335 3125 hori
351 3064 448 3142 potuit
464 3078 512 3122 an.
534 3062 610 3123 4443
627 3061 700 3122 4444
716 3063 840 3122 scientia
864 3076 917 3120 ex·
969 3062 1059 3142 cujus
1078 3069 1216 3142 quartam
1238 3063 1397 3125 editionem
1417 3063 1512 3126 habeo
1533 3068 1617 3147 typis
1639 3084 1690 3130 cx·

199 3158 339 3219 celluisse
353 3164 386 3218 ut
400 3155 629 3235 praelectionem
657 3156 738 3216 iliam
763 3155 914 3217 scriberet.
970 3159 1111 3237 scriptam
1129 3159 1194 3218 sine
1210 3157 1265 3217 ioci
1282 3163 1352 3219 nota
1366 3153 1402 3219 n
1424 3159 1501 3220 4002
1521 3159 1551 3221 8.
1576 3160 1687 3223 114144-

240 3252 299 3331 (49
309 3252 372 3314 Non
388 3253 496 3311 Petrus
509 3249 563 3309 sed
577 3249 688 3311 1444444
707 3251 854 3311 Francisei
873 3251 918 3312 di·
971 3250 1037 3312 leus
1053 3251 1082 3311 ia
1099 3251 1239 3328 csuiogo
1255 3251 1433 3329 scriptorum
1451 3251 1639 3330 4414444444,
1652 3256 1689 3314 ita

192 3345 324 3408 'candus
340 3346 418 3405 Petri
434 3341 474 3402 44
492 3340 613 3403 thaidis
627 3348 690 3403 tres
706 3341 917 3420 distinguendi.
970 3344 1093 3408 Baieum
1104 3350 1227 3406 secutus
1237 3350 1286 3406 est
1296 3346 1424 3421 Pitseus‚
1435 3344 1508 3406 iicet
1519 3344 1578 3421 hic,
1589 3352 1690 3427 utpote

199 3441 283 3499 Coni.
302 3432 848 3515 41444444141444944444494844444.
864 3437 918 3498 Pe-
971 3440 1064 3499 sacris
1080 3439 1220 3500 Romanis
1240 3436 1396 3510 addictus,
1413 3444 1539 3501 strenue
1563 3441 1594 3501 in
1621 3458 1690 3503 eum

200 3530 309 3609 suipitii.
332 3529 464 3608 Perupie
486 3529 584 3604 4899,
604 3529 630 3588 4.
647 3527 688 3588 nt
703 3529 785 3590 Baldi
802 3546 916 3592 annum
970 3532 1130 3593 invehitur.
1148 3533 1272 3594 Caetera
1288 3548 1342 3594 sua
1363 3533 1493 3611 scripta,
1509 3532 1563 3593 sed
1583 3534 1690 3596 inedita

198 3623 395 3685 emortualem
427 3621 584 3698 hucusque
616 3624 763 3684 incertum
793 3629 838 3683 444
856 3624 916 3685 cla·
969 3626 1129 3704 pleraque,
1146 3627 1209 3705 ipse
1226 3626 1317 3687 reiert
1333 3625 1459 3701 Baieus,
1478 3644 1560 3704 quae
1581 3628 1690 3689 rectius

199 3718 340 3777 rissimor.
353 3718 484 3775 virorum
507 3716 595 3774 venia
614 3715 750 3777 dixerim.
767 3718 810 3777 De
825 3720 917 3795 Repe-
969 3719 1146 3798 pleniusque
1162 3720 1240 3799 apud
1257 3719 1387 3781 eundem
1401 3721 1528 3781 (lentur.
1549 3721 1616 3782 viii
1634 3722 1689 3784 400

199 3808 298 3869 neme
317 3808 350 3869 in
364 3813 435 3868 mal.
450 3808 623 3889 juramenti
636 3810 685 3870 hic
700 3826 717 3871 a
734 3812 846 3873 4144444
870 3831 916 3873 re·
968 3831 1034 3893 pag.
1049 3811 1117 3874 703.
1125 3830 1215 3892 quam
1229 3812 1308 3892 apud
1326 3812 1559 3875 chdreicbium
1578 3816 1608 3874 in
1619 3816 1690 3875 Pan-

199 3904 328 3978 iata,nec
338 3902 376 3964 44
384 3904 512 3963 Lucensi
523 3902 595 3964 Cod.
606 3897 689 3964 1448.ιν
697 3904 916 3984 Vermigiiolius
968 3907 1063 3969 dectis
1080 3924 1145 3987 pag.
1164 3908 1221 3968 389
1239 3907 1331 3968 lector
1347 3906 1398 3968 ubi
1414 3907 1496 3968 volet
1520 3907 1625 3969 videre
1641 3925 1690 3987 po-

198 3995 914 4076 satiscuravititxeoilaidumlegissePiorentiae
969 4003 1048 4061 terit.

199 4094 207 4168 (
217 4097 252 4152 44
265 4089 327 4168 jam
351 4091 389 4151 ab
409 4106 457 4152 an.
476 4091 555 4152 4964
572 4107 610 4150 ex
627 4089 808 4152 documento
823 4108 913 4171 prope
1007 4094 1153 4156 liebertus
1164 4093 1417 4156 BALEUSJGtus
1428 4138 1435 4169 ,
1447 4095 1526 4155 circa
1542 4093 1600 4155 44.
1613 4093 1687 4158 etet

199 4182 914 4259 retroninmrrntneaernanaetcernsumus,
968 4189 1019 4265 qui
1029 4188 1149 4266 scripsit
1159 4185 1357 4267 Alpbabetum
1367 4192 1543 4250 4444444444
1556 4184 1687 4267 4444944444,

197 4296 235 4339 ex
251 4296 287 4339 eo
303 4280 400 4357 opinio
416 4278 587 4355 trithemii,
604 4278 722 4337 Simleri
739 4283 769 4336 ct
786 4278 913 4339 iiiccioiii
971 4279 1137 4343 chronicon
1167 4278 1256 4341 Urbis
1284 4279 1496 4359 londinensis,
1518 4298 1554 4343 ac
1579 4280 1693 4343 44444444-

196 4389 273 4450 quae
295 4373 518 4451 inscriptionem
549 4369 769 4450 sepulchralem
794 4376 913 4432 tantum
967 4380 1066 4435 menta
1091 4372 1239 4435 libertatis
1265 4374 1330 4454 ejus
1363 4371 1478 4452 Urbis,
1503 4375 1602 4454 deque
1625 4372 1693 4452 ejus

189 4450 299 4527 ¹eontra
317 4464 474 4540 sehabet,
491 4464 616 4525 Buldum
635 4463 742 4523 obiisse
755 4480 803 4524 an.
826 4464 911 4526 4499.
969 4466 1132 4550 Praefectis
1146 4473 1176 4529 et
1202 4466 1382 4532 Consulibus
1400 4468 1438 4529 ab
1458 4469 1546 4529 Anno
1562 4470 1640 4530 4489
1653 4467 1696 4529 444

195 4561 305 4638 optime.
323 4562 519 4632 sustinetur.)
968 4562 1039 4624 4404
1061 4569 1092 4623 44
1106 4567 1192 4642 peste
1204 4560 1292 4639 144944
1308 4558 1456 4622 Eduardi
1470 4562 1526 4623 111.
1543 4561 1619 4625 i'idc
1637 4565 1696 4624 lia·

232 4652 360 4713 inermes
376 4651 828 4731 BhLEL'SSudovolgiuS,sive
845 4654 913 4717 Sui·
967 4655 1046 4721 lcum
1064 4657 1105 4717 Xl
1123 4658 1161 4717 58
1174 4662 1206 4716 44
1222 4656 1353 4716 Pitseum
1373 4674 1439 4733 pag.
1457 4658 1526 4718 054.

196 4746 344 4806 tuiciensis
357 4744 473 4823 Anglus
487 4752 577 4805 natus
587 4745 622 4805 A.
636 4746 713 4808 4495
723 4745 830 4807 444444
842 4749 913 4825 Epi·
1005 4745 1150 4809 1444444444
1160 4748 1307 4809 BALEUS
1319 4750 1527 4822 h'orvicensis,
1538 4750 1608 4812 Ord.
1620 4752 1688 4813 Car-

195 4856 303 4918 scopus
319 4839 353 4899 A.
372 4839 451 4900 ⁴552
469 4842 497 4899 44
519 4838 658 4900 Hibernia
673 4839 876 4914 Ossoriensis‚
895 4842 910 4875 ³
965 4842 1057 4903 meiit.
1075 4843 1155 4902 Prior
1165 4841 1417 4903 Burnhemiensis
1428 4843 1591 4907 deiunctus
1604 4843 1687 4906 ,4444

235 4969 246 4991 “
261 4968 322 5019 rme
339 4969 459 5022 'thamam
474 4974 542 5035 rope
557 4967 648 5023 ntount
665 4972 692 5020 tn
711 4956 815 5022 eeusurr
836 4972 912 5035 scrip·
965 4936 1041 4996 4503
1053 4931 1351 5040 ΨῙΡῑΟΓᾸΜαῙΜ
1364 4935 1487 4998 ordinis
1499 4937 1567 5015 wir
1581 4946 1613 4999 ¹¹¹
1623 4934 1683 5038 ⁰qu

190 5051 272 5094 44444444
290 5056 348 5106 pag.
365 5045 420 5096 444.
962 5029 1115 5090 tristanum
1131 5026 1217 5090 Eleae
1233 5030 1418 5109 Prophetae,
1436 5040 1468 5094 et
1485 5033 1624 5095 Officium
1637 5034 1680 5093 St-
