3458 5332
665 369 992 435 canussius
1518 372 1580 434 300

73 477 135 533 iiie
159 473 295 536 Calenus
323 472 456 535 nondum
472 472 570 539 editas
585 475 666 554 quod
683 479 800 551 sciam,
854 478 976 560 Belpi‘ca
989 473 1139 553 secundo,
1156 474 1286 538 honestis
1298 491 1336 536 oc
1361 472 1511 556 4444944444
1521 493 1580 556 po-

74 568 128 628 4444
152 566 239 646 quod
277 566 421 629 0444444444
449 584 578 629 auream
608 567 641 628 iii
668 576 802 651 quatuor
853 570 989 634 rentibus
1005 566 1290 646 naiaurmuliaih
1306 567 1475 647 Theclnpi'ae
1490 566 1579 628 Pori-

73 658 261 740 liuoiipelia,
276 660 389 722 editam
411 661 480 739 plus
504 664 631 741 simplici
648 665 715 724 vice
741 663 801 725 sub
853 664 960 726 siensis
990 662 1246 735 Baccnlaureus;
1276 659 1425 722 Basilicae
1454 665 1577 723 44444444

71 752 214 816 THOMAE
223 752 529 831 Aquinatisnomine‚
542 753 799 817 huicCerboncllo
852 758 971 819 Mariae
1008 756 1198 830 canonicus,
1230 758 1259 815 et
1281 750 1464 813 Ecclesidae
1497 749 1579 813 044444

71 845 192 924 qnidam
206 846 404 926 adscripsere.
422 846 507 927 Opus
528 849 680 926 integrum
698 848 798 908 lucem
851 851 979 912 Martini
988 848 1031 912 ad
1042 848 1167 911 eandem
1177 845 1342 909 Basilicam
1362 843 1477 919 Curio,·
1494 843 1576 903 44444

70 938 204 1000 nondum
232 938 401 1016 vidit,sed
424 947 492 1001 octo
508 942 626 1018 magnis
653 941 744 1000 tomis
768 941 798 1001 in
851 944 1038 1007 certissimae
1057 948 1086 1003 et
1107 939 1336 1003 actuosissimae
1352 939 1451 1018 juata
1476 934 1574 998 vitoe:

69 1031 252 1095 Bibliotheca
268 1034 412 1095 Toletani
429 1034 567 1095 Fratrum
584 1035 734 1094 llincrum
748 1049 797 1092 as-
851 1035 975 1099 44440444
992 1036 1039 1098 his
1049 1033 1214 1115 plusquam
1221 1048 1284 1111 par
1300 1029 1411 1106 titulis,
1427 1028 1458 1092 si
1476 1032 1576 1089 tamen

68 1130 217 1185 servatur.
241 1125 316 1188 Vide
342 1125 502 1205 weddingi
527 1126 662 1187 Annales
675 1125 713 1185 4444
736 1125 793 1186 An.
849 1128 928 1190 alter
944 1127 981 1190 40
1000 1126 1099 1208 plebis
1127 1123 1304 1204 reditusque
1330 1121 1513 1204 paucitatem
1543 1118 1576 1178 id

67 1216 143 1279 4407
169 1224 203 1278 et
223 1218 438 1280 Bibliothecam
459 1229 527 1299 pag.
544 1219 613 1281 295.
639 1217 793 1280 Oudinum
847 1222 975 1283 nominis
1001 1226 1151 1282 meretur:
1182 1215 1354 1279 ahsolutum
1382 1212 1574 1277 Christianae

64 1316 136 1370 tom.
154 1310 217 1388 444,
234 1327 301 1390 pag.
319 1311 387 1373 580.
847 1310 1024 1375 humilitatis
1039 1310 1213 1392 4444444444,
1223 1309 1273 1372 uir
1285 1305 1488 1387 simplicitatis
1504 1302 1576 1365 emi·

98 1401 280 1463 1444444444
293 1402 550 1468 cnnnlurllco
559 1422 598 1465 ex
608 1403 791 1483 Archiepise.
845 1406 1051 1481 nenti'ssi'mae,
1065 1401 1311 1485 incomparabilis
1324 1397 1495 1474 modestiae,
1506 1412 1574 1458 eum

57 1495 96 1556 ali
112 1494 176 1557 An.
191 1497 269 1558 4360
284 1498 458 1557 Bracaiensi
474 1498 641 1559 Tolosanus
655 1496 693 1558 ab
703 1496 791 1559 Anno
847 1498 879 1558 iii
893 1499 1002 1562 arduis
1015 1498 1081 1581 sere
1096 1497 1174 1560 niliil
1187 1496 1248 1559 sihi
1261 1497 1407 1569 sumeret,
1419 1486 1573 1572 permulta

56 1587 140 1650 4378
157 1587 197 1649 ad
213 1587 300 1649 4300.
312 1587 350 1649 de
366 1606 427 1667 quo
436 1597 580 1652 accurate
593 1591 736 1652 Baluzius
751 1589 789 1651 ad
846 1592 877 1653 si
890 1591 1051 1668 voluisset,
1074 1590 1214 1654 diuturni
1238 1605 1314 1651 usus
1340 1582 1531 1666 monisterio,
1545 1584 1575 1641 et
1663 1578 1668 1592 “

53 1680 158 1761 Papae
172 1679 403 1743 Avenionenses
419 1689 491 1743 tom.
507 1683 518 1743 l
532 1699 616 1762 ‚pap
630 1682 709 1745 4343
726 1699 790 1760 seq.
846 1684 1016 1764 acquisitae
1035 1683 1178 1746 scientiae
1190 1683 1266 1764 jure
1289 1679 1351 1744 sihi
1374 1680 1572 1757 sumpturus:

50 1781 144 1835 etex
160 1790 198 1835 eo
222 1772 360 1836 Oudinus
387 1780 458 1836 tom.
477 1775 532 1851 lll,
548 1792 617 1855 pag.
640 1774 720 1837 2079
740 1775 789 1834 ubi
844 1777 881 1837 ln
896 1782 1012 1837 tantum
1036 1774 1139 1857 frupi,
1154 1782 1189 1836 ut
1212 1773 1404 1856 quotidianus
1421 1774 1451 1832 44
1473 1764 1571 1829 nime

47 1869 152 1929 etiam
177 1865 216 1930 dc
243 1868 442 1947 legationibus
467 1864 536 1946 eius
561 1874 594 1928 et
620 1866 659 1928 de
680 1866 789 1930 Codice
843 1869 937 1931 sticus
952 1868 1049 1931 victus
1065 1886 1124 1929 iion
1138 1867 1266 1930 multum
1286 1864 1405 1926 abesset
1420 1857 1569 1941 sisinnio

51 1961 244 2023 0444444444
260 1961 390 2024 necdum
406 1961 497 2023 edito.
841 1978 921 2040 prae
942 1959 1079 2023 ciborum
1095 1960 1259 2042 parcitate:
1276 1956 1426 2020 Assiduus
1447 1958 1477 2014 44
1491 1948 1573 2013 inds-

93 2054 253 2116 Benricus
268 2055 447 2117 CARETUS
461 2056 527 2116 sive
543 2053 582 2116 de
598 2052 791 2134 CARRETO,
843 2051 944 2134 fessus
959 2052 1152 2128 catechistes,
1170 2069 1239 2113 cum
1255 2047 1375 2130 publice
1391 2052 1454 2107 tuni
1468 2041 1572 2124 prica-

46 2148 128 2210 eliis
154 2146 193 2208 de
208 2147 380 2222 ChLETO,
397 2147 519 2210 Ordinis
539 2150 642 2209 hlinor.
669 2150 793 2227 44444444-
848 2147 914 2206 tim:
936 2147 1160 2209 Sermocinalus
1175 2141 1345 2225 4449444444
1368 2155 1422 2200 nec
1438 2134 1495 2199 ulli
1517 2151 1571 2195 nec

44 2256 117 2319 pus
133 2240 174 2302 eb
189 2239 247 2302 An.
267 2241 344 2303 4300
367 2243 526 2314 Lucanus,
543 2258 604 2320 qua
620 2241 693 2302 sede
709 2244 790 2303 eici
844 2257 977 2326 usquam
988 2237 1051 2320 fuit
1063 2237 1202 2320 fastidio,
1217 2233 1347 2296 auribus
1364 2236 1394 2293 44
1411 2226 1522 2293 aiiimis
1539 2226 1571 2287 in

44 2334 100 2395 dit
116 2350 191 2394 cum
208 2335 289 2395 Petri
303 2334 434 2397 (leubacii
449 2334 536 2394 Anti·
522 2335 632 2413 -Papae
648 2340 680 2395 et
694 2333 791 2396 Ludo-
843 2333 906 2394 dics
922 2331 1106 2393 audiebatur
1115 2327 1321 2413 pronioribus.
1337 2320 1569 2387 Hierarchicum

42 2429 115 2489 vici
131 2429 243 2488 Baliari
270 2427 406 2506 partibus
423 2426 587 2489 adversum
613 2443 647 2487 se
663 2429 790 2488 statuis·
843 2425 971 2507 deperiit
985 2424 1134 2501 ordinem,
1152 2422 1349 2485 obedientiam
1362 2412 1571 2481 4444444444-

46 2525 115 2581 444.
128 2518 207 2597 Ejus
222 2519 332 2599 Lapicu
357 2525 387 2581 et
400 2518 508 2582 llodus
532 2525 622 2599 alque
645 2518 789 2580 resolutio
842 2517 986 2598 sciplince
1019 2517 1287 2580 instaurationem:
1322 2514 1484 2577 connisus
1512 2524 1571 2569 iiii·

45 2614 85 2676 S.
100 2612 315 2694 Scripturas
302 2631 333 2673 in
349 2612 537 2676 Ezechielem
554 2612 734 2693 Prophetain
751 2614 786 2674 h.
841 2630 951 2693 squam
977 2612 1075 2695 444944
1100 2611 1204 2687 4444444,
1227 2614 1284 2671 aut
1311 2605 1460 2683 hilarior,
1476 2617 1570 2685 uriom

49 2705 137 2767 4346
150 2704 251 2766 dicata
260 2707 368 2767 loanni
380 2708 466 2769 xxu
473 2709 556 2769 lisia
570 2709 598 2766 in
606 2706 786 2768 Bibliotheca
839 2724 908 2766 cuni
928 2706 1020 2768 varia
1035 2704 1178 2786 Episcopi
1190 2721 1246 2785 pro
1267 2699 1394 2782 nepotiis
1405 2696 1471 2779 piis
1482 2711 1570 2757 444444·

50 2796 241 2860 colbertina.
255 2798 330 2858 Vide
346 2798 500 2861 Oudinum
518 2807 590 2861 44444.
604 2801 659 2872 lll,
673 2817 703 2879 p.
717 2799 785 2859 806.
840 2799 913 2861 doto
928 2798 1087 2861 identidem
1106 2797 1266 2880 perficeret
1280 2813 1335 2857 seu
1352 2793 1384 2853 in
1402 2788 1493 2871 44404,
1513 2804 1569 2851 seu

95 2890 116 2927 ⁴³
132 2890 248 2967 synodi
271 2892 417 2953 Lucensis
438 2893 477 2954 ab
497 2893 604 2953 eodeni
621 2891 790 2953 celebratae
843 2891 875 2952 in
884 2892 993 2972 papis:
1015 2891 1212 2953 inimicorum
1235 2886 1394 2950 charitatis
1407 2882 1506 2946 liti'iim
1517 2880 1569 2963 su·

58 2985 297 3044 constitutiones
304 3001 342 3044 ex
353 2984 788 3046 membranaccoLucensicod.
840 2987 963 3066 pitans,·
977 2990 1161 3048 4444444444
1175 2983 1254 3043 inter
1262 2981 1402 3061 priuatos
1415 2976 1568 3039 4444444444

61 3092 120 3156 ego
143 3076 268 3154 vulgavi
293 3078 324 3136 in
349 3093 416 3137 meo
440 3077 642 3139 conciliorum
669 3075 791 3156 supple·
841 3079 1019 3159 ]4444444444444
1036 3076 1292 3139 humanissimus:
1309 3072 1353 3146 ad
1365 3070 1567 3150 captivorum,

63 3174 170 3229 mento
186 3168 235 3228 lV.
254 3170 321 3228 307.
844 3170 894 3230 444
913 3168 1052 3252 capitalis
1076 3169 1309 3240 damnatorum,
1333 3163 1513 3225 miserorum
1540 3165 1570 3220 44

104 3259 250 3340 AEpidius
278 3261 493 3323 ChllLERlUS
524 3263 586 3338 (De
613 3276 673 3339 quo
700 3274 791 3339 supra
844 3278 1058 3342 oppressorum
1069 3256 1271 3342 quorumlihet
1281 3255 1573 3333 consolationempo·

61 3370 131 3434 pag.
146 3353 223 3429 40),
238 3355 290 3431 qui
306 3352 364 3415 hii
382 3354 461 3417 4444
476 3356 640 3416 Besileensi
658 3352 788 3414 Concilio
845 3355 1043 3430 ratissimus;
1059 3351 1239 3430 advolabat,
1253 3369 1313 3412 non
1324 3344 1490 3421 currebat
1505 3342 1574 3406 ubi-

59 3446 215 3521 interfuit,
226 3446 482 3509 Deeanueabhn.
492 3448 565 3508 4434
582 3444 721 3508 aditis.
732 3445 788 3505 Cn·
843 3464 901 3526 pue
918 3446 1050 3508 locorum
1071 3445 1318 3527 acceptissimus,
1335 3461 1372 3505 ac
1385 3426 1513 3548 propter
1527 3437 1572 3500 in·

8 3532 18 3544 “
60 3553 247 3601 meranensis
249 3539 388 3618 scripsit
399 3537 637 3602 Consultaticries
648 3537 786 3601 Casuum
838 3555 950 3617 penuos
964 3558 1063 3603 mores
1080 3559 1117 3602 ne
1133 3538 1223 3601 molis
1242 3537 1394 3620 quidem
1381 3535 1498 3599 invisus
1514 3539 1586 3618 aut·

56 3636 194 3709 sportam
208 3631 436 3709 sportulamque
450 3632 584 3693 Bruxell.
598 3629 675 3693 4478
690 3630 737 3689 444.
753 3635 784 3688 44
838 3631 978 3696 molestus
1006 3632 1135 3695 habitus.
1169 3630 1314 3695 Omnibus
1337 3635 1463 3712 praesto
1486 3626 1566 3709 suit,

54 3723 114 3784 elie
130 3739 211 3802 quae
228 3725 257 3783 in
274 3724 334 3785 llS.
352 3725 476 3803 collegii
490 3722 645 3786 Navarrioi
661 3723 784 3800 collegii
837 3724 947 3806 quibui
968 3728 1084 3808 potuit3
1108 3725 1271 3802 diuitibus,
1297 3724 1414 3806 epeni's,
1429 3739 1493 3803 qua
1518 3737 1568 3782 co-

55 3816 151 3876 Paris.
165 3813 783 3896 44444444,44444444444444444444444444444
834 3818 948 3898 pniti‘s,
965 3837 1028 3901 quc
1055 3821 1230 3900 incopnitis,
1247 3825 1375 3881 caeteris
1396 3818 1428 3877 444
1454 3814 1563 3889 ctera,

53 3909 84 3969 in
109 3907 235 3969 historia
255 3910 338 3988 Regii
360 3911 511 3972 Navarrne
535 3908 692 3987 Gymnaeii
716 3923 782 3985 pag.
837 3912 869 3973 in
881 3914 1086 3989 Monosteriis,
1099 3913 1131 3975 iii
1140 3913 1325 3990 Nosocomio,
1340 3912 1372 3972 iii
1386 3911 1563 3973 Gerontocc

52 4002 108 4063 sel
126 4016 191 4078 seq.
204 4004 249 4078 (et
263 4009 335 4061 tom.
348 4004 395 4062 lv.
407 4003 482 4081 Opp.
492 4002 562 4062 edit.
575 4002 690 4062 Gener.
702 4000 782 4060 Part.
836 4005 895 4066 mio
908 4004 1099 4085 depentihus:
1116 4003 1201 4067 Nulli
1215 4002 1323 4085 defuit,
1341 4004 1370 4064 si
1384 4003 1486 4067 deesse
1501 4019 1560 4063 non

53 4092 303 4173 31442444444
312 4096 392 4175 apud
401 4095 555 4157 Oudinum
566 4100 639 4155 toni.
650 4093 779 4172 lll,pag.
830 4100 947 4181 poluit,
965 4099 997 4160 in
1017 4098 1128 4159 damno.
1148 4097 1280 4179 positum
1307 4087 1418 4159 duceres
1443 4102 1559 4178 iempui

52 4187 135 4248 2552
150 4202 214 4264 seq·
834 4211 935 4269 omne,
952 4192 1031 4273 qnod
1047 4193 1078 4253 in
1089 4192 1147 4253 Dei
1155 4191 1307 4272 pluriam,
1322 4188 1372 4253 444
1386 4190 1418 4253 in
1433 4190 1560 4272 priuata

93 4280 127 4339 ln
150 4283 324 4341 memoriam
347 4283 420 4342 mihi
442 4282 490 4356 hic
511 4289 600 4344 vocat
619 4280 780 4343 Antonium
828 4284 1371 4366 piiblicoveEcclesiaeccmmcdanon
1381 4280 1560 4347 insumebat.

53 4368 244 4447 Carleri'um,
267 4374 353 4453 longe
381 4378 556 4437 recentioris
579 4377 649 4436 licet
672 4378 780 4437 aetatis
832 4380 877 4440 Eo
893 4378 1012 4440 tandem
1028 4379 1134 4440 Diuiiii
1147 4381 1264 4441 amoris
1280 4396 1419 4441 iacemus
1432 4375 1558 4455 ardore,

50 4480 109 4524 nea
125 4467 247 4544 scriptis
261 4467 380 4544 nobilis,
394 4470 443 4528 cui
458 4469 536 4528 idem
551 4467 704 4545 Launojus
717 4471 780 4547 epi·
831 4479 868 4533 ut
890 4472 970 4554 quod
994 4471 1104 4534 honum
1128 4478 1292 4552 praestare
1319 4472 1421 4547 licuit,
1439 4486 1558 4551 semper

47 4558 188 4638 taphium
204 4563 305 4637 posuit
327 4561 401 4621 libro
418 4563 549 4640 septimo
565 4563 661 4642 Epist.
676 4562 695 4622 2
710 4578 778 4640 pag.
827 4566 1034 4646 praestiterit,
1051 4566 1176 4647 siquod
1190 4565 1318 4643 molum,
1335 4583 1372 4626 ne
1383 4565 1483 4645 fieret,
1501 4562 1558 4624 iin-

47 4652 117 4712 643.
131 4668 189 4711 non
202 4650 358 4731 indignum
369 4653 449 4732 quod
461 4661 493 4716 et
504 4654 559 4716 hoc
570 4655 776 4735 locolcgatur:
824 4657 933 4738 pedire
948 4657 1078 4721 liberum
1087 4658 1166 4741 suit,
1180 4676 1298 4739 semper
1319 4656 1494 4738 impediret:
1515 4656 1558 4718 lit

712 4826 715 4831 ,
828 4752 874 4815 sie
890 4751 991 4813 omniu
1014 4752 1117 4835 [octus
1142 4750 1300 4830 omnibus,
1329 4758 1359 4812 et
1372 4750 1555 4832 jamdudum

211 4832 236 4863 *
259 4839 315 4900 Sta
330 4839 430 4902 4444444·
446 4846 474 4903 44
488 4840 566 4905 uide.
829 4843 958 4933 impletis
977 4864 1049 4909 uere
1077 4845 1246 4909 Christiani
1268 4845 1394 4907 hominis
1410 4843 1555 4926 partibus

828 4938 1002 5017 universis,
1016 4943 1046 5001 et
1060 4939 1140 5001 coelo
1155 4945 1299 5001 maturus
1310 4985 1317 5016 ,
1328 4944 1364 5000 ul
1375 4938 1554 5001 immortalis

45 5024 104 5086 4444
113 5026 202 5106 jacet
214 5022 363 5090 Antonius
380 5024 561 5107 Garleriiis,
586 5028 729 5093 Laudmd
744 5029 775 5091 i'n
830 5030 891 5093 illic
907 5030 1043 5114 uiueret,
1060 5030 1109 5096 hic
1125 5031 1204 5096 444444·
1227 5032 1371 5100 mortales
1386 5032 1489 5101 rivers
1504 5030 1555 5098 de·
