3458 5332
207 338 267 402 tot
825 338 1091 402 abdanus
1198 349 1199 352 ’

203 444 278 508 labri
289 446 325 508 de
340 447 512 528 4444444444,
530 463 621 526 quem
643 447 680 509 ad
707 447 836 510 eundem
867 448 921 509 mi·
976 445 1164 508 Prooemium
1180 444 1341 526 tlepolorrs
1355 445 1545 510 Concordroe
1555 448 1686 529 Argticoe

203 543 266 617 sit,
284 548 383 604 exstat
400 540 477 620 apud
495 541 697 603 blabillonlum
715 543 744 601 in
766 543 920 604 Analootis
974 539 1339 618 Notrbnrslllonocborum,
1346 539 1684 625 sanctimonialiumque

202 641 276 695 torn.
294 637 305 696 4
327 634 466 695 editionis
483 651 578 696 novae
595 653 661 715 pag.
680 636 728 711 75,
747 652 792 715 sq.
805 638 920 715 (prioris
971 643 1004 696 et
1020 634 1128 696 deinde
1142 637 1246 696 Latine
1263 635 1365 714 capito
1374 633 1536 718 privilegii
1552 641 1685 719 4444444-

203 727 343 790 editionis
360 735 432 788 tom.
460 732 487 790 4.
504 746 571 808 pag.
586 729 626 790 25
639 736 671 789 et
698 736 770 790 torn.
799 731 826 790 4.
853 747 918 809 pag.
973 726 1021 789 loe
1035 745 1111 790 nooo
1130 728 1295 792 Wintonrbe
1308 728 1492 790 dlorrosterio
1502 731 1684 811 propositae,

201 821 280 897 347.)
298 822 496 902 Praeceptum
523 822 741 898 concessionis,
770 839 829 901 quo
855 823 920 883 bri·
972 836 1009 882 ac
1022 820 1154 900 denique
1170 821 1393 883 0444444444
1405 821 1615 904 Episcoposet
1626 825 1685 888 Coe·

200 931 302 993 gauso,
323 915 430 977 Abbati
455 917 624 977 ltonasterii
648 918 678 978 S.
696 915 844 977 Ambrosii
862 915 919 977 lln.
974 912 1138 976 nobiornm'
1145 914 1334 998 Praefectos,
1349 933 1388 977 ex
1405 916 1567 993 Adilredo,
1584 918 1622 980 de
1635 937 1684 1000 qun

199 1008 258 1077 866
275 1008 381 1069 aedem
399 1010 429 1070 S.
456 1011 604 1071 vincentii
631 1012 661 1070 in
689 1011 777 1071 Prato
796 1008 920 1079 tribuit,
971 1006 1138 1087 jamdicere
1155 1027 1204 1070 me
1217 1010 1341 1071 memini
1356 1015 1432 1070 tom.
1450 1013 1480 1073 4.
1497 1027 1565 1090 pag.
1582 1013 1628 1074 44.
1642 1015 1685 1074 84

197 1101 314 1163 editum
331 1108 442 1164 444444
463 1103 501 1164 ab
520 1103 644 1183 Ugbello
661 1109 734 1163 tom.
751 1100 800 1164 IV.
817 1103 920 1165 ltaliae
974 1105 1014 1164 tis
1030 1110 1133 1166 autern
1149 1108 1268 1165 constat
1286 1121 1382 1165 unum
1405 1104 1565 1184 Edgarum
1586 1107 1684 1186 Regem

200 1212 265 1277 pag.
287 1196 334 1257 75.
973 1197 1090 1274 tuisse,
1109 1198 1179 1258 lieet
1194 1197 1280 1258 velut
1295 1196 1356 1260 duo
1372 1197 1456 1277 apud
1469 1200 1619 1280 Congium
1638 1217 1682 1280 po-

237 1288 436 1365 414464Βῦ8,
454 1292 519 1351 eive
539 1290 751 1365 AEuuARUS,
773 1290 918 1352 unnul-
972 1297 1093 1352 nantur.
1622 1299 1625 1302 ⁴

200 1383 284 1460 llUS,
302 1381 426 1462 Angliae
442 1386 505 1445 Rex
522 1387 662 1465 egregius
678 1385 716 1445 ab
731 1383 788 1445 An.
806 1385 864 1445 959
879 1382 917 1445 ad
1011 1382 1121 1446 *Cum
1143 1391 1212 1464 post
1228 1385 1468 1465 Speelmaonum
1496 1388 1684 1450 conciliorum

196 1477 257 1540 975
273 1485 304 1538 44
319 1478 497 1557 amplificata
519 1495 551 1538 re
568 1477 732 1556 rlnglorum
750 1480 870 1540 nautica
886 1484 917 1538 et
970 1476 1203 1556 llnglioauorum
1224 1479 1432 1541 collectionem
1451 1496 1491 1541 ex
1508 1483 1625 1561 integro
1647 1499 1685 1543 44

196 1570 314 1650 legibus
349 1573 441 1634 variis
473 1571 670 1651 promulgatis
705 1570 915 1632 memorabills.
971 1570 1156 1632 formandam
1166 1570 1377 1651 edendamque
1396 1577 1571 1653 susceperit
1582 1592 1616 1636 ac
1630 1581 1685 1636 444

195 1664 284 1743 Apud
303 1666 537 1744 Speelmaonum
554 1665 676 1744 quidem
694 1672 767 1727 tom.
791 1666 818 1725 4.
839 1666 918 1726 Con·
970 1662 1040 1724 dem
1056 1664 1214 1742 perfecerit
1235 1665 1331 1726 David
1352 1666 1506 1742 wilkins,
1532 1683 1622 1746 quem
1642 1667 1684 1728 ille

195 1758 331 1819 ciliorum
343 1759 477 1837 Angliae,
489 1760 591 1838 (atque
603 1759 915 1822 indeinConciliorum
969 1757 1105 1818 ordinem
1129 1774 1242 1819 novum
1259 1761 1472 1820 monumentis
1490 1759 1574 1821 hisce
1599 1759 1684 1822 eccle·

195 1853 297 1930 tornis,
313 1853 403 1931 Regia
427 1860 499 1914 tom.
524 1853 617 1915 XXV.
640 1855 746 1916 Labbel
772 1861 844 1914 tom.
864 1855 917 1915 lx.
970 1851 1681 1933 siastioisEdgarlregisconstituerit,quidnovi

197 1946 341 2008 llarduini
356 1954 429 2008 tom.
447 1949 496 2025 Vl,
513 1953 545 2007 et
560 1947 656 2009 Coleti
673 1954 745 2008 tom.
763 1949 825 2024 xl.)
843 1949 917 2010 baec
970 1944 1112 2006 adiecerit
1128 1945 1259 2008 indicare
1276 1944 1348 2006 mibi
1366 1945 1416 2006 hic
1446 1949 1556 2009 4444444
1568 1951 1614 2009 est
1634 1961 1680 2024 op

199 2043 280 2104 lllios
307 2042 515 2104 exhibentur:
537 2043 608 2103 Post
633 2044 768 2103 notitiam
793 2041 920 2106 04444444
970 2046 1142 2119 portunum.
1161 2041 1315 2100 Familiam
1331 2038 1381 2100 bio
1398 2038 1522 2102 ducunt
1536 2043 1568 2119 (4.
1581 2043 1607 2102 4.
1619 2057 1678 2118 pag.

193 2136 252 2200 An.
265 2136 325 2199 959
336 2127 377 2197 ¹ab
389 2135 507 2216 Edgaro
520 2134 738 2217 Brorodsordioe
752 2139 918 2213 convocati,
971 2133 1048 2208 225.)
1058 2134 1196 2195 canones
1212 2131 1284 2192 editi
1298 2131 1356 2193 sub
1372 2131 1497 2213 Edgaro
1509 2135 1589 2215 Rege
1598 2133 1682 2214 Auglo

200 2231 422 2310 Speelmaonus
446 2249 512 2311 pag.
544 2233 611 2294 430.
644 2230 839 2311 Prioitepinm
858 2248 918 2311 pro
972 2227 1118 2288 84444444
1142 2231 1182 2286 44·
1200 2227 1322 2301 Latine,
1344 2225 1400 2286 sed
1428 2229 1572 2288 versione
1599 2225 1682 2288 multo

193 2324 443 2402 Dorobernensis,
457 2328 758 2390 siveCantuarioosis
768 2326 918 2389 Ecclesiae
970 2337 1062 2399 quam
1078 2319 1306 2400 Speeimdddidd
1319 2319 1505 2399 diligentiori
1527 2328 1560 2384 el
1579 2321 1682 2401 elegati

155 2448 158 2453 ·
189 2421 328 2502 primatu
343 2439 410 2500 pag.
431 2422 497 2482 432.
519 2420 636 2483 Charta
652 2419 916 2503 deeiiciendiscte·
970 2415 1049 2475 tiori·
1328 2434 1330 2439 ’

194 2515 270 2576 sicis
285 2514 438 2592 4444444444,
460 2521 490 2576 44
508 2514 731 2577 introducendis
753 2514 915 2578 Monocltis.
1010 2509 1153 2587 Sequitur
1167 2509 1271 2571 charta
1285 2509 1395 2589 Edgari
1420 2509 1458 2571 de
1471 2508 1625 2572 4444444444
1634 2506 1681 2569 cle-

195 2607 264 2669 ibid.
283 2609 325 2668 De
341 2607 472 2670 Concilio
489 2608 670 2671 londinensi
692 2610 749 2672 An.
766 2612 825 2672 965
848 2627 915 2689 pag.
968 2603 1044 2664 rivis
1063 2604 1207 2665 4440444444
1237 2621 1305 2683 pag·
1329 2605 1398 2666 239·
1426 2607 1509 2666 Pone
1529 2601 1681 2668 suodedudi

196 2702 262 2763 435.
283 2699 400 2763 Ctorto
413 2700 528 2782 duplex
544 2720 618 2764 novo
637 2703 917 2766 Wintonioeltono-
971 2695 1048 2776 teges
1063 2696 1216 2758 monacbis
1232 2695 1426 2778 Hydensibres
1442 2699 1482 2760 ab
1499 2697 1624 2781 Bdgoro
1638 2696 1679 2761 do

194 2795 287 2857 sterio
301 2793 437 2875 Hydensi
449 2797 509 2857 An.
519 2798 577 2857 966
592 2794 716 2858 tributo.
730 2796 797 2859 ibid.
810 2798 916 2858 44443.
971 2795 1032 2865 toe,·
1048 2808 1125 2869 quas
1142 2792 1279 2871 vulgavit
1296 2792 1448 2876 seldenus
1464 2792 1506 2855 de
1523 2794 1633 2874 quibos
1643 2792 1680 2853 bio

194 2888 284 2968 Leges
313 2887 561 2965 Ecclesiasticoe,
583 2889 683 2971 capito
701 2892 732 2954 V.
758 2893 862 2952 Latine
885 2899 916 2951 et
971 2883 1131 2945 Fabricius·
1146 2884 1276 2947 Additur
1294 2884 1412 2949 Clario
1428 2885 1553 2967 udones·
1566 2887 1605 2950 de
1616 2874 1694 2948 noto'

192 2979 463 3063 cinglo-Saronico
481 2983 583 3046 addita
599 2987 704 3048 latina
724 2987 864 3046 versione
877 3003 916 3047 ex
969 2976 1328 3045 Wintoniaeltouasterio
1340 2985 1582 3061 quaepariteriu
1594 2978 1679 3061 spel

191 3076 334 3138 Guilelmi
346 3078 504 3140 lambardi
516 3079 752 3142 llrobaeonomia
764 3098 829 3161 pag.
849 3080 916 3142 444.
972 3088 1082 3133 maudo
1098 3072 1208 3153 legitur
1234 3066 1312 3135 Tum
1332 3073 1447 3136 dantur
1468 3078 1567 3155 Leges
1592 3073 1679 3139 Eocit*

192 3170 325 3232 Eaedem
347 3174 443 3252 Leges
465 3190 503 3234 ex
522 3176 646 3252 antiqua
664 3175 822 3250 versione,
839 3191 917 3253 quae
971 3167 1110 3227 siastioae
1129 3167 1278 3244 capitibus
1298 3168 1334 3229 V.
1362 3169 1460 3248 Anglo
1491 3171 1635 3232 Saxonioe
1656 3171 1681 3228 et

193 3270 241 3326 est
254 3265 488 3344 npudtoonnem
498 3268 755 3331 BROMPTONUM
765 3286 832 3348 pag.
846 3267 915 3344 874,
971 3259 1075 3321 Latine
1096 3277 1134 3321 ex
1151 3263 1291 3323 versione
1312 3269 1466 3343 utsupra.
1481 3265 1605 3344 Excipit
1621 3263 1680 3323 baec

193 3373 239 3437 sq.
255 3359 406 3420 chronici.
427 3360 564 3423 Conones
581 3361 690 3422 LXVII
700 3408 708 3436 ,
736 3360 772 3422 de
795 3360 917 3423 ordino-
970 3352 1069 3414 ordiid
1088 3353 1197 3432 Edgdri
1224 3354 1267 3415 dd
1299 3355 1505 3418 detdmsm
1534 3374 1624 3437 quam
1655 3353 1682 3413 d

195 3456 293 3514 torum
310 3451 433 3515 vivendo·
446 3451 600 3534 formula,
625 3472 690 3534 pag,
711 3457 768 3516 446
791 3463 822 3516 et
848 3453 915 3517 447,
936 3506 939 3511 ,
970 3454 1129 3525 gmentum
1146 3465 1215 3510 esse
1232 3449 1346 3511 Allredi
1364 3450 1560 3512 Gevallensis
1580 3453 1610 3512 in
1635 3449 1682 3510 Ge

193 3546 237 3607 ue
260 3544 474 3638 Confessione,
495 3548 631 3610 Conones
646 3549 678 3610 Χ.
696 3566 761 3629 pag.
782 3549 848 3610 459.
873 3549 916 3610 lle
971 3542 1076 3620 nedidg
1096 3544 1166 3620 Reg·
1184 3542 1271 3621 Angl.
1289 3543 1328 3604 ud
1345 3545 1511 3607 Henricum
1530 3546 1576 3621 ll,
1592 3548 1682 3605 consti

194 3625 281 3686 modo
315 3627 487 3706 imponendi
512 3628 742 3710 poenitentiam,
781 3630 916 3693 Uonones
970 3635 1000 3694 in
1017 3642 1088 3696 nota
1098 3635 1294 3698 Wilolinsius
1308 3654 1334 3716 p.
1348 3639 1417 3700 246.
1426 3639 1566 3717 Denique
1587 3650 1681 3718 agmen

193 3718 291 3781 XLVI.
303 3736 368 3799 pag.
381 3721 448 3779 466.
464 3722 506 3781 De
529 3720 760 3804 satisfactione,
780 3724 915 3787 Uonones
969 3726 1082 3788 claudit
1107 3728 1145 3789 de
1165 3728 1349 3808 poenitentia
1368 3728 1489 3810 Bdgori
1516 3731 1601 3813 ragis
1621 3745 1682 3791 444·-

194 3814 268 3876 xlx.
287 3831 354 3894 pag.
374 3814 440 3876 469.
463 3815 506 3876 De
522 3816 698 3895 Magnetum
710 3817 914 3896 poenitentia,
969 3821 1060 3883 ratio.

195 3908 331 3971 Conones
346 3909 396 3970 W.
418 3926 485 3989 pag.
504 3909 561 3970 474
579 3911 696 3988 singula
713 3910 916 3990 Anglo-Saxo-
1004 3917 1237 3993 EDlLllEDUS,
1255 3934 1347 3997 supra
1363 3962 1370 3993 ,
1387 3917 1682 3983 nultuunusnn

195 4004 261 4063 nico
277 4009 309 4062 et
326 4005 440 4065 Latine.
464 4002 569 4064 Oratio
587 4002 623 4065 ad
641 4005 843 4082 Dunstanum,
861 4006 916 4068 444-
971 4013 997 4073 4.
1012 4027 1079 4090 pag.
1094 4011 1143 4072 44.

192 4096 418 4176 cbinpiscopum
437 4097 709 4173 cantuariensem,
735 4098 914 4161 Oswaldum
1009 4091 1176 4166 Ciromoon
1186 4101 1328 4166 coenobii
1337 4106 1369 4167 8.
1383 4103 1496 4168 Crocr's
1508 4107 1679 4171 untuuuu

193 4191 366 4269 wigorniae
377 4195 409 4251 et
421 4191 648 4254 Ethelwaldum
668 4194 917 4274 WentanaeEpi·
969 4197 1106 4260 GENSIS
1122 4199 1151 4259 iu
1167 4198 1289 4274 scotia,
1314 4198 1352 4260 ab
1368 4201 1511 4280 ingressu
1528 4202 1601 4265 Julii
1618 4204 1683 4266 Cae

193 4299 301 4364 scopos
319 4283 355 4343 de
370 4284 537 4365 conjugatis
553 4283 672 4348 clericis
691 4286 853 4366 ejiciendis,
871 4288 916 4348 in·
969 4293 1046 4353 saris
1062 4292 1253 4372 indngliam
1280 4310 1377 4374 usque
1397 4294 1436 4356 ad
1455 4294 1583 4359 dunum
1602 4297 1681 4360 stoa

194 4375 444 4457 trodocendisque
458 4378 612 4440 dloncebis
628 4397 695 4459 pag.
718 4379 785 4441 4476.
808 4382 851 4441 De
871 4381 916 4441 in·
968 4388 1029 4448 lloo
1056 4386 1224 4449 Gbronioon
1252 4389 1374 4448 omissis
1400 4389 1480 4463 illis,
1511 4409 1593 4471 quae
1619 4397 1682 4454 ante

187 4471 297 4552 juncto
317 4469 450 4551 Edgoro,
465 4471 546 4551 quod
559 4472 752 4535 claustralem
768 4474 915 4554 virgimm
968 4480 1090 4543 Annum
1105 4481 1163 4543 696
1179 4498 1218 4544 ex
1236 4482 1298 4542 solo
1314 4481 1395 4544 Beda
1407 4491 1516 4546 auctor
1532 4494 1683 4548 contrane

193 4565 435 4645 compressisset,
472 4567 607 4647 septenni
630 4567 820 4647 poenitenda.
848 4586 914 4649 pag.
969 4581 1034 4651 rat,
1052 4573 1167 4635 editum
1183 4575 1221 4636 ab
1238 4577 1365 4636 ilenrico
1383 4576 1555 4641 Warthono
1569 4586 1641 4641 tom.
1660 4581 1683 4638 4.

195 4658 248 4720 ter
268 4703 275 4731 ,
293 4677 357 4739 seq.
379 4662 457 4722 llaec
474 4661 553 4740 apud
570 4663 790 4737 lombardum,
813 4664 916 4742 Speel·
966 4667 1091 4748 Angliae
1110 4669 1220 4730 Sacrae
1237 4687 1303 4748 pag.
1324 4669 1467 4731 452-462

153 4755 159 4766 ’
193 4769 341 4814 mannum
356 4761 387 4814 ot
405 4757 434 4815 44
452 4756 652 4818 conciliorum
674 4758 773 4817 tomis.
799 4758 916 4819 Praete·
1008 4762 1220 4836 lllllllEllUS,
1237 4779 1348 4842 supra,
1365 4763 1584 4829 uauuumts.

194 4845 563 4911 reatohonnesSeldenus
576 4855 653 4911 notis
672 4850 709 4912 ad
730 4851 915 4913 Eadmerum
1008 4856 1214 4918 annuntius
1230 4855 1377 4934 Atianos,
1395 4875 1504 4941 supra,
1518 4860 1684 4925 stultul-

196 4953 264 5016 pag.
284 4939 342 4999 495
357 4983 364 5014 ,
379 4956 441 5018 seq.
460 4949 490 5002 et
505 4949 577 5004 tom.
599 4945 627 5006 2.
648 4944 780 5024 Operum
795 4944 917 5006 Seldeui
970 4950 1044 5010 DUS
1059 4994 1066 5023 ,
1083 4967 1149 5030 pag.
1166 4952 1234 5014 485.
1252 4951 1340 5031 Apud
1357 4955 1508 5034 Congium
1534 4953 1683 5027 44644444,

195 5032 317 5110 primus
335 5030 602 5141 ’AngloSaxonice
631 5045 662 5099 et
689 5040 793 5101 Latine
823 5037 917 5102 edidit
970 5057 1008 5102 ex
1024 5043 1104 5127 Baolei
1122 5044 1165 5119 V,
1186 5045 1235 5107 64.
1382 5080 1385 5087 «
