3458 5332
126 337 187 398 434
254 297 260 303 ’

706 337 818 400 44044
835 339 846 400 Ι
861 340 885 401 N
902 339 914 400 4
929 340 951 400 C
968 341 1026 403 OS

126 447 266 508 abtlnno
293 447 379 507 4944.
401 444 438 505 ad
457 445 543 506 4393.
572 445 652 524 apud
680 448 844 510 Urstisium

899 451 951 509 sis.
974 447 1129 527 Andagavi
1157 445 1246 508 4695.
1270 446 1296 504 8.
1324 443 1449 506 Gallice.
1476 445 1617 523 Bjusdcm

126 542 242 613 43439,
255 557 320 619 pag.
338 539 425 599 5—62.
443 538 485 598 De
496 545 618 599 auctore
636 540 786 601 videndus
796 543 845 600 Ja—
896 543 1084 603 Praedicator
1117 542 1298 601 carnutens.
1327 539 1456 600 carnuti
1480 540 1568 602 4637.
1593 542 1619 600 8.

126 633 220 693 304433
235 631 343 702 Ouetii.
362 636 434 691 tom.
453 634 464 692 l
480 679 489 706 ,
508 648 574 710 pag.
594 634 661 692 494.

166 724 287 784 Antonii
300 741 320 782 a
334 724 537 803 conceptione,
555 727 704 801 Lusitani,
720 727 845 788 Chroni-

125 836 179 877 con
190 825 228 877 ot
246 819 428 879 Bibliotheca
445 819 566 880 Ordinis
584 819 843 893 Praedicatorum,

125 914 244 971 Parisiis
264 913 350 972 4583.
369 913 453 973 Vitae
471 915 593 974 Petrum
610 912 845 991 ejusdemOrdi-

125 1005 191 1074 nis,
210 1007 321 1063 Lovan.
340 1005 426 1065 4575.
758 1014 762 1019 “

162 1098 288 1157 locans
303 1116 323 1156 a
343 1100 373 1159 S.
404 1098 502 1160 cruce
527 1099 694 1182 chronicon
722 1099 844 1160 Ordinis

122 1191 325 1251 Praedicator.
335 1192 515 1271 Ulyssipone
529 1192 616 1254 4567.
631 1195 649 1252 i.
663 1195 844 1254 Lusitanice.

162 1282 324 1362 Aupustini
330 1284 628 1346 OAVILhetPodilla
636 1289 763 1346 Historia
775 1289 845 1346 Pro-

122 1379 239 1437 vinciae
252 1377 281 1439 S.
292 1378 393 1439 tacobi
407 1380 588 1450 Maricanae,
604 1381 769 1458 Hispanico.
786 1381 845 1439 443-

122 1469 191 1530 drit.
202 1473 289 1532 4596.
303 1463 468 1538 49433344.
482 1474 568 1533 4695.
578 1474 596 1532 4.
605 1474 811 1533 444434334634.
825 1474 843 1533 4.

159 1564 320 1625 Francuci
330 1566 420 1645 Diepo
437 1567 570 1626 Historia.
586 1566 665 1626 della
679 1568 844 1638 ¹Provincia

120 1655 148 1714 d'
161 1659 279 1736 Aragon
292 1659 370 1720 della
387 1659 489 1719 Orden
506 1660 544 1719 de
556 1658 777 1734 Prodicadores,
789 1659 844 1719 des

121 1748 158 1807 de
175 1765 212 1810 su
229 1753 341 1829 origen.
358 1754 523 1812 Barcinone
542 1753 630 1813 4599.
647 1752 695 1811 404.

155 1839 267 1902 'iacobi
299 1845 461 1920 Dominici,
492 1840 545 1924 qui
565 1834 648 1905 vcirca
675 1844 732 1905 43.
756 1847 842 1907 4369.

118 1936 237 2013 4434344,
256 1938 416 2017 catalogus
441 1941 665 1999 Provinciarum
688 1947 719 1998 et
742 1939 845 1999 domo-

119 2046 187 2090 rum
206 2037 268 2090 tam
286 2031 432 2110 443443444,
450 2047 540 2111 quam
557 2049 693 2092 sororum
711 2033 842 2108 OrdiniS,

120 2122 267 2184 Chronica
285 2124 497 2203 Capitulorum
514 2126 699 2204 generalium
716 2131 747 2210 34
775 2128 844 2185 Pro-

117 2217 290 2277 vincialium
303 2216 478 2280 Provinciae
488 2225 520 2279 et
530 2219 714 2297 Aragoniae:
729 2219 772 2279 De
784 2221 843 2297 pri-

116 2310 233 2388 vilegiis
248 2311 378 2385 Ordinis,
393 2312 431 2372 de
442 2311 531 2372 modo
541 2311 711 2372 celebrandi
721 2312 843 2372 electio-

118 2419 187 2477 nes,
206 2403 243 2463 de
257 2403 440 2480 judiciorum
456 2405 560 2464 ordine
578 2411 635 2464 etc.
653 2406 736 2465 MSS.

156 2495 288 2558 lacobus
301 2497 504 2563 BcHhHOUS
524 2499 653 2559 absolvit
681 2498 842 2558 Bibliothe-

117 2606 183 2649 cam
195 2593 377 2668 scriptorum
383 2584 696 2652 OrdPraedicatorum
709 2591 842 2652 elabora-

117 2689 179 2742 tam
194 2683 354 2765 diligenter
371 2691 401 2744 et
417 2692 577 2759 accurate,
592 2701 684 2763 quam
701 2686 838 2745 affectam

118 2776 282 2853 reliquerat
294 2776 426 2838 43404444
437 2777 841 2851 QUBTIF,detunctusPa·ri-

118 2869 273 2930 34434330
293 2873 380 2932 4698.
398 2873 426 2931 9.
442 2873 558 2945 Martii,
573 2870 682 2930 aetatis
706 2871 765 2928 89·
782 2871 840 2930 Lu-

116 2979 182 3023 cem
201 2962 276 3023 vldlt
293 2981 369 3042 opus
387 2965 533 3025 eximium
547 2964 668 3024 Parisiis
687 2962 774 3023 4749.
789 2963 837 3022 434.

116 3055 235 3118 duobus
247 3059 479 3132 ‘Voluminibu5,
498 3057 578 3136 quod
597 3059 630 3116 in'
648 3059 747 3118 lucem
773 3075 840 3136 pro-

118 3150 186 3210 43444
201 3153 288 3213 multi
303 3159 545 3232 peroptaverant.
557 3152 583 3227 3)
596 3151 669 3212 Vide
682 3153 846 3212 tiemorias¹

116 3244 324 3306 Trevoltianas
341 3246 397 3306 43.
418 3245 506 3307 4798.
525 3251 590 3324 pag.
610 3246 697 3306 4493.
726 3252 757 3305 34
781 3245 837 3306 43.

118 3337 205 3398 4793.
224 3357 290 3418 pag.
308 3340 376 3400 749.
389 3341 465 3400 4343
475 3338 671 3400 Eruditorum
682 3338 838 3400 434799.

117 3447 184 3508 pag.
203 3434 270 3492 453.
289 3440 320 3492 34
349 3434 417 3514 444.
441 3450 503 3509 seq.
529 3432 576 3492 ubi
598 3433 632 3492 V.
661 3433 840 3492 ciconnis

116 3523 244 3582 Erhardi
272 3527 379 3605 Kappii
399 3526 426 3601 b)
454 3526 707 3586 Observationes:
722 3532 753 3584 et
781 3525 838 3586 An.

114 3614 202 3675 4799.
226 3633 291 3693 pag.
311 3617 378 3676 474.
393 3619 520 3678 Nomina
535 3619 769 3696 plerorumque,
787 3621 839 3696 qui

117 3708 839 3790 historiamDominicanorumillustravere,obvia

116 3803 196 3882 apud
213 3804 386 3865 Echardum
402 3811 473 3865 tom.
492 3806 530 3882 9,
547 3822 613 3885 pag.
631 3808 701 3866 983.
720 3823 783 3883 seq.

157 3887 281 3976 Georpii
294 3898 386 3980 Bppii
400 3899 437 3959 de
452 3900 620 3961 illustribus
634 3902 712 3961 Viris
722 3917 757 3961 30
769 3916 839 3961 san-

115 3992 336 4053 ctimonialibus
350 3993 471 4055 Ordinis
488 3994 686 4055 Praedicator.
831 4072 834 4077 ,

156 4081 311 4147 Ambrosii
332 4087 474 4149 Estiennc
492 4087 630 4149 Athenae
654 4087 860 4167 Praedicator-'-

115 4181 176 4239 riae
189 4224 196 4255 ,
208 4184 272 4241 sive
285 4181 466 4243 Bibliotheca
483 4180 606 4243 Patru‘m
623 4182 742 4244 Ordinis
753 4180 840 4246 Prae-

116 4270 303 4346 dicatorum,
332 4275 369 4334 ab
391 4277 474 4335 initio
502 4275 625 4336 Ordinis
650 4275 685 4335 ad
714 4275 837 4338 4333444

117 4366 204 4426 4688.
217 4367 321 4428 ordine
338 4367 533 4448 Alphahetioo
546 4390 552 4428 ε
564 4371 624 4430 HS.
641 4369 709 4429 vide
725 4370 839 4431 Echar-

115 4457 187 4519 dum
206 4468 277 4520 4343.
296 4463 334 4536 B,
351 4480 417 4541 pag.
435 4465 504 4526 745.

156 4552 305 4615 Nr'cotoite
317 4558 466 4619 FEBUtlE
478 4558 700 4637 Agenrptologie
714 4557 752 4616 do
769 4575 840 4617 con·

115 4653 210 4706 ventu
227 4649 489 4712 Dominicanorum
508 4651 538 4712 S.
556 4650 655 4711 4340444
672 4652 837 4712 carnoten-

156 4802 184 4860 3)
201 4805 278 4854 4433144
297 4809 378 4868 Epist.
395 4822 421 4870 44.
438 4809 486 4856 tta
501 4807 563 4858 34444.
583 4811 689 4870 primae.

159 4873 187 4937 44)
205 4876 273 4926 Addo
298 4881 411 4941 ejusdem
427 4885 517 4945 44344444
534 4882 634 4932 dissert.
654 4885 687 4934 de
712 4884 842 4934 nonnullis

111 4949 332 5069 ppgplgpntlsrum
359 4957 538 5015 quaestoribus
568 4971 625 5020 pag.
641 4959 672 5008 39
689 4972 727 5020 sq.
743 4959 842 5020 44443440

900 636 1052 713 Scriptum
1071 641 1234 711 utrumque
1252 635 1378 711 insigne.

938 727 1084 808 4444440044
1094 725 1290 800 Fornanden,
1307 727 1473 787 Placentini
1491 728 1620 805 Hispani,

899 823 1088 883 Concertatio
1106 819 1321 881 Praedicatoria
1338 835 1392 898 pro
1412 815 1631 879 Ecclesia'Ca·

899 914 1008 974 44434443
1018 920 1123 974 303443
1135 911 1630 987 Haereticos,Gentites,ludaeos,

898 1007 1065 1087 Agerenos,
1077 1024 1131 1068 sou
1143 1005 1393 1082 hiuhamedanoS,
1407 1023 1464 1085 per
1472 1008 1639 1083 epitomem

898 1103 927 1160 in
946 1098 1080 1162 Annales
1097 1101 1274 1174 distributa,
1290 1116 1361 1159 cum
1378 1100 1488 1158 notitia
1499 1100 1647 1177 scripto-

899 1211 975 1266 rum,
993 1193 1181 1270 Pontificum,
1197 1191 1413 1263 cardinalium,
1431 1191 1631 1267 Praemium,

899 1287 1155 1347 Confessariorum
1173 1292 1230 1345 etc.
1248 1282 1386 1361 ejusdem
1403 1282 1537 1343 Ordinis.
1562 1284 1637 1345 Sal-

900 1382 1049 1440 manticae
1069 1380 1159 1440 4645.
1176 1379 1224 1438 404.

938 1472 1111 1533 Bonamicus
1123 1470 1302 1531 Fernoadez
1313 1471 1493 1532 Nooarrnte
1506 1470 1543 1531 de
1554 1472 1623 1530 mis

899 1568 983 1627 siano
996 1566 1117 1626 Ordinis
1128 1564 1370 1626 Praedicatorum
1384 1565 1542 1627 Chineusi.
1553 1563 1616 1624 Vide

898 1659 1072 1720 Echardum
1090 1666 1161 1719 tom.
1177 1659 1214 1733 9,
1227 1674 1293 1738 pag.
1310 1657 1379 1719 794.
1398 1674 1466 1736 seq.

940 1751 1025 1812 Petri
1039 1751 1194 1812 Ferrandi
1206 1751 1374 1814 chronicon
1394 1752 1457 1811 a'B.
1470 1751 1609 1810 Dominico

897 1846 935 1906 ad
953 1845 1110 1916 Humbertl
1126 1853 1272 1924 tempora.

937 1937 1149 2017 Sipismundus
1159 1938 1326 1998 Ferrarius
1340 1938 1379 1998 de
1396 1936 1492 1998 rebus
1504 1937 1606 2014 lingan-

897 2048 950 2092 cae
963 2034 1137 2114 Provinciae
1163 2030 1284 2090 Ordinis
1310 2032 1502 2092 Dominicani
1514 2078 1522 2106 ,
1536 2029 1605 2090 libris

896 2125 973 2185 Vlii.
990 2126 1125 2186 Viennae
1145 2123 1285 2186 »lustriae
1297 2123 1392 2185 4637.
1412 2125 1441 2184 4.

936 2216 1076 2278 Andreae
1085 2216 1227 2289 Ferrarii
1239 2216 1276 2277 de
1288 2217 1478 2279 Valdecebro
1492 2216 1608 2278 4333133

896 2311 966 2371 Ord.
983 2311 1085 2372 Praed.
1102 2312 1161 2372 MS.

934 2405 1059 2466 loannis
1072 2404 1225 2485 Baptistae
1239 2402 1375 2479 Feuitlet,
1393 2402 1505 2464 Jacobi
1516 2405 1608 2477 404044,

896 2498 1044 2578 Stephani
1059 2497 1185 2559 Phaniae
1203 2501 1347 2577 Sooepes,
1366 2497 1476 2561 caroli
1484 2499 1543 2560 aS.
1557 2496 1610 2558 Vin

895 2593 989 2652 centio
1006 2600 1038 2652 34
1056 2591 1162 2653 caroli
1176 2591 1303 2653 44344433
1327 2590 1440 2653 43333
1457 2593 1611 2653 Dominica-

895 2677 973 2760 nus,
992 2687 1057 2744 sive
1073 2686 1153 2745 vitae
1172 2687 1352 2745 Sanctorum
1365 2685 1490 2747 Ordinis
1508 2683 1611 2746 Praedi-

894 2786 1030 2839 catorum
1052 2777 1607 2850 GalliceiniVideBchardurutomi,

896 2888 961 2949 pag.
978 2871 1167 2932 7it3..batina
1185 2873 1285 2931 versio
1302 2871 1547 2931 3443443103444444
1560 2870 1611 2930 De

894 2963 1029 3023 massoni
1043 2960 1222 3023 Lubieaeetri
1237 2980 1295 3024 nou
1313 2963 1391 3023 vidit
1408 2964 1521 3024 lucem.

934 3055 1076 3118 Nicotaus
1087 3056 1238 3135 Frpuerez
1248 3057 1430 3118 Valentinus
1443 3058 1472 3116 43
1480 3058 1555 3118 Vitis
1566 3057 1612 3118 Po·

896 3158 977 3212 trum
992 3150 1064 3210 Ord.
1079 3149 1183 3211 Praed.
1518 3167 1520 3170 ⁴

934 3246 1020 3303 40344.
1041 3241 1109 3302 4444.
1127 3241 1299 3305 Flaminius
1326 3245 1375 3320 (94
1389 3246 1483 3305 'Vitae
1501 3247 1611 3306 Patrum

896 3339 999 3415 inclyti
1017 3338 1089 3398 Ord.
1108 3338 1211 3398 Praed.
1231 3340 1342 3398 Bonon.
1375 3340 1420 3398 Ile
1450 3338 1611 3399 Benedictis

896 3432 995 3504 4599,
1018 3430 1067 3502 4.)
1100 3437 1131 3490 34
1163 3429 1230 3491 Sed.
1259 3430 1453 3492 Pleminius.
1480 3444 1569 3511 supra
1590 3432 1615 3488 in

896 3522 1033 3584 Leandro
1054 3521 1186 3583 Atberto.

936 3613 1101 3696 cnatfonei
1120 3614 1275 3677 Flammae
1303 3613 1476 3678 chronicon
1502 3616 1613 3679 Ordinis

894 3710 1136 3771 Praedicatorum
1146 3728 1242 3788 usque
1255 3710 1290 3771 ad
1299 3710 1424 3780 Annum
1437 3710 1527 3773 4544.
1537 3709 1611 3771 HSS.

936 3803 1104 3865 Vincentius
1120 3803 1222 3864 Morio
1238 3804 1396 3878 Fortuna,
1414 3805 1612 3880 Romanunm

893 3899 1033 3978 catalogo
1050 3901 1231 3978 scriptorum
1248 3900 1274 3975 a)
1293 3899 1416 3961 Ordinis
1433 3899 1613 3960 Praediceto

840 4017 846 4033 -·
893 4009 960 4052 rum
978 3995 1129 4053 Romanae
1155 3992 1349 4065 Provinciae,
1367 3997 1398 4050 et
1416 4007 1505 4051 sacro
1526 3991 1614 4051 Thea·

894 4089 940 4143 tro
957 4087 1160 4146 Dominicano.
1183 4084 1422 4146 Constitutiones
1443 4084 1567 4145 Ordinis
1581 4083 1614 4143 nb

893 4176 980 4239 4330
1005 4181 1092 4240 4999.
1109 4180 1147 4240 ad
1168 4180 1256 4240 4359.
1283 4180 1395 4239 ilomee
1414 4179 1504 4240 4655.
1523 4178 1570 4239 404.
1586 4177 1612 4235 9.

893 4273 1072 4334 Voluminib.
1089 4273 1269 4345 Pontifices,
1286 4271 1474 4344 cardinales,
1491 4273 1612 4334 Patriar·

892 4367 987 4434 chae.
1002 4368 1242 4447 Archiepiscopi,
1260 4366 1399 4445 Episcopi
1414 4410 1421 4438 ,
1436 4372 1469 4425 et
1486 4363 1611 4426 hbbates

893 4461 1088 4521 Dominicani.
1104 4462 1214 4522 Hamae
1229 4462 1315 4521 4666.
1332 4459 1381 4519 404.

932 4554 1055 4615 Antonii
1077 4554 1240 4614 Francisci
1261 4553 1412 4614 Processi
1423 4553 1512 4614 Vitae
1530 4553 1610 4632 Hagi-

893 4653 990 4709 stram
1008 4649 1211 4723 Generalium,
1224 4646 1293 4707 vide
1303 4645 1495 4710 hiandosium
1506 4646 1608 4709 404449.

892 4742 1092 4802 Bibliothecae
1108 4745 1258 4802 Romanae
1272 4758 1339 4820 pag.
1358 4743 1428 4804 348.
1444 4760 1508 4822 seq.

934 4833 1110 4895 certardus
1145 4835 1334 4910 Prochetus,
1369 4839 1607 4900 4343044333343,

935 5031 960 5090 3)
979 5036 1094 5084 64043343
1104 5037 1144 5086 do‘
1157 5040 1277 5087 botterell
1291 5039 1316 5088 di
1334 5040 1413 5089 4404443
1429 5044 1457 5089 A.
1472 5029 1531 5089 1670
1540 5050 1562 5097 44.
1574 5035 1609 5082 64.
