3458 5332
216 340 275 404 398
422 329 425 342 '
816 334 1103 399 COMVINUS

209 447 339 509 editione
368 443 565 507 Muratoriana
589 448 661 503 tom.
688 441 755 504 Xll.
783 443 928 505 Thesauri
1023 442 1171 506 COSMAS
1191 444 1326 522 lapygus
1346 440 1537 503 materiensis
1554 437 1698 502 circaho·

209 535 435 603 Mediolanensis
452 554 511 597 non
529 535 616 598 modo
632 536 773 598 adhibitis
790 537 857 597 aliis
873 539 929 599 Co-
982 555 1055 600 num
1072 540 1130 598 950
1155 535 1285 598 traditur
1308 553 1428 597 carmen
1452 533 1609 613 quoddam
1628 549 1698 594 cnm

210 636 326 696 dinibus
342 632 423 694 MSS.
440 638 471 692 et
488 630 634 693 Chronico
651 631 762 692 4444444
790 631 927 692 Andreae
981 633 1118 712 posuisse
1136 633 1165 689 in
1187 630 1329 691 honorem
1350 627 1528 708 Theopompi
1549 628 1697 706 Episcopi,

209 727 329 789 Eednsii
350 725 388 785 de
405 724 523 799 Quero,
541 727 592 804 qni
608 742 646 785 444
663 726 810 786 Cortusiis
831 726 928 804 proie-
985 724 1116 785 Theonoe
1131 723 1311 805 ei-Spnesii,
1328 739 1458 800 quorum
1479 725 1658 800 Martyrium
1672 722 1696 781 44

207 823 258 888 cit,
268 835 345 897 opas
356 819 455 897 ipsum
465 818 625 880 exhibetur
641 820 817 898 castigatius
832 824 865 878 et
880 835 929 880 cn·
981 818 1182 879 Diocletianae
1207 818 1417 896 persecutione
1437 832 1603 894 passorum
1630 815 1697 875 celo

206 913 317 993 pitibus
346 914 452 973 xxiv.
471 912 535 973 libri
563 911 688 974 secundi
716 913 856 972 auctius:
873 911 928 972 sed
982 912 1070 974 brem
1090 912 1123 973 24
1149 909 1216 989 Maj.
1237 912 1363 990 incipit:
1383 909 1519 973 Conhalr't
1537 907 1697 988 agminibus

206 1009 358 1068 etiamen
377 1006 499 1066 Esteosi
522 1005 632 1066 Codice
652 1003 794 1083 adjuncta
815 1005 929 1067 addita-
980 1003 1117 1086 fratrum
1137 1005 1192 1086 pin
1207 1021 1336 1064 munera
1354 1003 1516 1066 caristus.
1540 1002 1696 1064 Praemisso

205 1107 326 1175 menta,
341 1116 400 1160 non
417 1106 453 1160 ut
468 1115 545 1178 opus
561 1101 660 1179 ipsum
678 1102 789 1179 scripta
803 1101 926 1177 Latine,
981 1099 1102 1161 exordio
1122 1097 1161 1160 ad
1181 1099 1357 1177 Gregorium
1379 1100 1508 1177 bigam,
1527 1097 1693 1159 Monachum

204 1195 258 1256 sed
279 1194 380 1255 italice
401 1193 529 1253 dialecto
547 1195 709 1270 Patavina,
726 1193 855 1256 alterum
874 1209 928 1272 per
980 1192 1239 1255 Nonantuiauum:
1255 1191 1380 1253 Casinas
1397 1191 1548 1270 Greporio
1565 1189 1694 1252 Monunio

205 1291 286 1369 ipsos
303 1289 457 1351 Cortusios
476 1288 602 1348 fortasse
616 1288 654 1348 ab
671 1286 759 1348 huno
788 1289 866 1350 4359
887 1287 925 1349 44
979 1284 1061 1347 dedit
1075 1284 1136 1347 ista
1149 1283 1281 1365 benr'pno.
1301 1283 1468 1362 Subjicitur
1484 1285 1643 1363 hymnus,
1656 1301 1694 1345 aa

205 1384 291 1445 4365.
304 1381 443 1452 ι4444444444
465 1383 610 1459 scriptore
630 1381 790 1460 Anonymo
804 1381 841 1441 ah
868 1379 925 1442 hu.
976 1379 1028 1458 jus
1043 1382 1159 1441 initium
1174 1399 1180 1439 :
1195 1377 1314 1442 Celsum
1325 1377 1515 1456 triumphum
1525 1379 1691 1457 Martyrum

204 1476 282 1537 4354
303 1474 339 1535 ad
360 1474 449 1535 4394.
465 1473 539 1535 Vide
557 1475 762 1553 Conspectum
779 1474 925 1535 Thesauri
980 1474 1082 1536 Edidit
1101 1491 1139 1534 ex
1161 1473 1369 1535 Nouaotniauo
1385 1472 1498 1534 Codice
1520 1473 1689 1551 Ughellust

202 1568 397 1632 Eruditorum
424 1569 526 1630 ltaliae
543 1586 608 1648 pag.
627 1570 665 1629 99
682 1575 714 1630 44
730 1568 787 1630 lor
803 1575 835 1630 et
848 1567 925 1630 heta
978 1569 1014 1628 44.
1033 1567 1134 1628 ltaliae
1149 1582 1262 1640 sacrae,
1280 1565 1330 1626 ubi
1345 1565 1383 1625 de
1397 1566 1625 1627 Mutinensibus
1636 1567 1689 1644 Epi·

202 1661 397 1726 Eruditornm
413 1660 469 1723 hu.
489 1661 585 1740 4733,
602 1679 668 1742 pag.
688 1665 757 1724 355.
979 1662 1078 1740 scopis
1094 1678 1122 1740 p.
1142 1662 1195 1722 444
1213 1704 1220 1736 ,
1238 1660 1295 1721 442
1317 1658 1387 1721 edit.
1407 1677 1508 1721 novae
1526 1662 1657 1737 (4444444
1667 1677 1687 1740 p.

244 1756 942 1837 Petnedecolistlilsrlnrentinuslipiseo·
981 1757 1048 1817 439.
1065 1753 1149 1834 seq.)
1363 1806 1368 1816 .

204 1867 263 1932 pus
279 1856 311 1911 et
327 1849 680 1912 CardinalisPortuensis
692 1856 724 1909 et
739 1851 768 1911 S.
780 1850 924 1912 Mutinae:
1020 1847 1169 1912 COSMhS
1190 1846 1355 1927 Propensia
1370 1849 1515 1910 44444444
1542 1867 1558 1910 4
1580 1850 1686 1923 Cosmi,

203 1951 307 2025 partes
332 1951 457 2006 44444444
483 1943 649 2005 Clementis
668 1944 721 2004 444
745 1943 926 2023 Anti-Papae
979 1945 1137 2023 Pragensis
1152 1943 1306 2003 Ecclesiae
1331 1941 1369 2002 nd
1390 1941 1446 2002 hu.
1466 1943 1542 2005 4094
1564 1943 1601 2004 44
1618 1945 1685 2006 4494.

204 2046 308 2099 contra
324 2039 477 2100 Urbanum
493 2038 531 2097 44
546 2043 577 2096 44
591 2035 924 2099 444444444444405.
978 2040 1124 2118 Episcopo
1155 2036 1315 2115 diligenter
1340 2034 1579 2114 distinguendus
1597 2040 1622 2110 a)
1649 2053 1685 2096 oo

203 2135 247 2194 De
267 2150 302 2193 en
322 2129 526 2193 consulendus
546 2130 688 2190 Baluzius
712 2131 792 2189 uotis
812 2129 848 2190 ad
871 2131 925 2190 Pa-
978 2151 1037 2214 que
1055 2132 1157 2213 junior
1173 2137 1205 2191 et
1222 2131 1278 2192 hn.
1295 2130 1525 2192 inamoenum
1542 2131 1684 2192 sacerdotio

203 2243 259 2306 pas
276 2226 505 2287 Avenionenses
520 2229 591 2282 tom.
610 2224 642 2297 4,
660 2239 726 2302 pag.
745 2223 843 2298 4040,
860 2239 924 2300 aeq.
979 2228 1192 2305 inauguratus,
1216 2226 1338 2303 scripsit
1360 2222 1545 2286 Chronicam
1567 2224 1683 2285 44444444-

205 2321 338 2381 444444444
362 2315 557 2379 Eruditorum
572 2317 674 2376 4444444
696 2318 927 2395 tom.1x,pag.
977 2338 1048 2382 rum
1058 2321 1141 2382 libris
1151 2320 1202 2380 444.
1212 2317 1250 2379 ad
1262 2319 1622 2398 SeverumPraepasitum
1631 2317 1683 2380 4444

205 2412 271 2474 447.
295 2428 379 2489 seqq·
396 2414 427 2470 ei
447 2409 546 2470 Julius
560 2410 650 2487 Niger
664 2411 692 2468 444
708 2411 837 2470 Misimia
853 2411 927 2470 8444·
977 2417 1120 2478 licensem
1141 2421 1173 2475 et
1192 2413 1372 2475 Cervasiam
1392 2413 1593 2490 Magistrum,
1612 2427 1680 2491 quen

203 2513 324 2585 plorum
342 2505 578 2564 Florentin⁰rum
595 2520 660 2581 pag·
681 2503 746 2564 liii·
769 2519 832 2581 444.
849 2504 927 2564 Scri·
979 2510 1217 2589 archigerontem
1237 2505 1386 2587 appellat,
1408 2506 1447 2567 ab
1467 2507 1615 2567 Primislai
1633 2506 1681 2564 4444

204 2601 262 2678 psit
282 2596 360 2658 viles
376 2595 551 2675 Pontificum
565 2596 756 2675 quorundam
772 2604 802 2657 et
818 2596 927 2659 Cardi-
979 2604 1132 2664 Erzetislai
1146 2604 1166 2663 4.
1187 2600 1373 2679 temporibus
1400 2598 1459 2660 hu.
1487 2601 1577 2662 4038.
1604 2612 1680 2676 usque

204 2689 337 2766 nolinm,
366 2689 417 2751 sed
450 2688 579 2750 necdum
595 2688 712 2750 editas.
745 2688 926 2752 Relationem
979 2697 1017 2758 ad
1039 2695 1214 2757 Sobesiaum
1235 2698 1349 2756 Ducem
1370 2692 1405 2754 h.
1428 2696 1460 2756 C.
1486 2696 1576 2757 4425.
1598 2694 1681 2771 blqno

204 2784 240 2846 de
256 2783 394 2845 electione
409 2781 526 2844 Urbani
538 2783 585 2843 Vl.
601 2788 630 2842 44
643 2783 870 2863 Responsr'onem
885 2784 928 2845 ad
981 2792 1044 2869 ipso
1064 2806 1165 2850 annun
1185 2789 1276 2849 etiam
1298 2789 1424 2850 Cosmas
1441 2789 1577 2849 chronici
1597 2793 1681 2850 444444

206 2877 394 2959 quaestiones
406 2874 632 2956 Archiepiscapi
644 2875 928 2938 Toletani.AdPrin-
980 2883 1148 2944 tumulatus
1162 2898 1230 2943 4444
1243 2881 1418 2960 perhibetur
1433 2883 1463 2941 44
1479 2881 1591 2944 Codice
1607 2885 1682 2940 444444

203 2972 282 3052 capes
294 2969 483 3034 Christianos
493 2969 528 3030 de
542 2971 739 3052 componendo
750 2971 924 3035 Schismate.
980 2978 1138 3055 Pragensis
1159 2976 1329 3052 Ecclesiae,
1344 2992 1436 3055 quem
1451 2976 1622 3038 Bohuslaus
1635 2972 1685 3035 444

207 3067 295 3128 Plura
311 3067 377 3127 eius
393 3065 456 3126 loca
473 3065 862 3129 aliertlaudataslialuzius
876 3083 927 3127 va·
978 3071 1069 3133 binus
1089 3072 1228 3150 inspexit.
1259 3072 1319 3131 Hos
1350 3071 1442 3131 libros
1469 3071 1590 3149 primus
1609 3067 1684 3131 edidit

207 3163 260 3221 riis
284 3161 358 3221 locis
379 3166 539 3236 notarum,
556 3159 667 3238 quibus
684 3161 830 3238 Paparum
846 3159 927 3220 hve-
980 3165 1128 3228 Freherus
1148 3167 1178 3225 in
1199 3165 1301 3225 limine
1322 3166 1505 3242 scriptorum
1527 3150 1626 3227 'rerum
1644 3165 1686 3224 Eo

205 3256 395 3316 ninnensium
413 3254 567 3314 historiam
596 3253 766 3313 illustravit.
792 3256 924 3314 Brevem
980 3260 1175 3332 heminarum,
1193 3260 1342 3319 hanoviae
1358 3260 1457 3335 46442,
1473 3260 1523 3320 iol.
1539 3259 1642 3322 deinde
1653 3260 1688 3317 44

204 3347 370 3427 Epistolam
386 3347 428 3408 ad
443 3344 666 3408 Gubernatoris
677 3344 816 3407 Civitatis
832 3347 926 3407 84444·
980 3355 1139 3433 tegriorem
1161 3350 1229 3411 ihid.
1253 3349 1349 3426 4507,
1368 3351 1416 3412 444.
1434 3369 1474 3413 ex
1492 3370 1554 3432 qna
1575 3353 1687 3414 editione

205 3459 293 3517 rum,
306 3441 399 3502 edidit
411 3440 555 3518 Ughrllus
571 3447 643 3498 lom.
657 3438 858 3498 lll.editi0nls
874 3455 927 3499 no·
980 3449 1090 3508 rariore
1104 3444 1291 3506 recudendos
1304 3446 1348 3506 lo,
1362 3445 1561 3507 Burchardus
1571 3444 1691 3509 Mencke-

207 3554 284 3605 vae,
302 3536 351 3595 ubi
373 3537 462 3612 plura
483 3534 520 3593 de
542 3533 597 3592 hon
619 3534 753 3595 Carsinio
773 3551 839 3612 pag.
859 3535 925 3595 453.
981 3541 1051 3601 4444
1073 3538 1264 3618 sponsatam
1281 3538 1364 3599 dedit
1384 3545 1456 3599 tom.
1480 3541 1503 3600 1.
1524 3543 1692 3620 scriptorum

248 3627 437 3688 COEVlltUS
455 3624 542 3689 Celer
556 3623 708 3700 Clemens,
722 3625 840 3706 Apuleji
853 3627 928 3686 ami·
980 3651 1081 3694 rernm
1103 3633 1348 3694 Germanicarum
1370 3650 1399 3711 p.
1423 3630 1694 3696 linteaminum

206 3737 280 3794 cus,
302 3722 354 3799 qui
388 3717 623 3779 eruditissimum
656 3723 685 3778 44
711 3718 926 3780 suavissimum
980 3728 1020 3788 tis
1036 3743 1156 3806 quoque
1173 3725 1299 3796 eruditis
1316 3730 1396 3788 notis
1418 3729 1451 3789 C.
1480 3729 1516 3789 4.
1546 3729 1694 3790 Christian.

206 3814 368 3877 Poetarum
378 3813 522 3892 appellat,
530 3814 559 3871 in
571 3813 684 3873 floridis
702 3830 766 3891 444.
778 3812 837 3872 774
854 3811 925 3873 edit·
980 3821 1111 3884 sortiter>
1129 3822 1316 3883 schwarizu.
1334 3823 1413 3900 urps.
1431 3819 1532 3896 4444,
1551 3823 1601 3884 ror.
1617 3820 1696 3884 4444-

207 3912 236 3969 444
267 3925 355 3969 usum
383 3907 539 3987 Delphini,
556 3907 606 3969 ubi
630 3909 729 3967 04444444
755 3902 929 3967 dimidii
980 3914 1024 3976 444
1036 3917 1065 3975 44
1077 3918 1240 3994 posteriore
1251 3915 1380 3976 editione
1391 3916 1695 3978 suaFreherusetiau

207 4002 311 4080 Mapm'
322 3999 693 4083 sublimiafncr'nora,oel
706 3997 776 4059 belli
787 4016 866 4059 anan
879 3996 928 4059 vel
980 4011 1010 4072 s,
1032 4007 1191 4070 ,adalbern
1217 4008 1330 4083 viram,
1351 4010 1491 4088 Episcopi
1524 4010 1693 4089 ngcnsis,

207 4096 289 4157 (44444
297 4098 423 4176 provisa
439 4099 481 4157 aii
498 4114 568 4158 444444
580 4093 783 4175 4444444444
793 4091 927 4154 4444444444
979 4104 1190 4178 Bobemorum,
1204 4104 1380 4164 Polnuornm
1392 4110 1424 4164 et
1435 4105 1619 4165 Prussorum
1630 4103 1697 4183 ipo

205 4189 383 4252 illustrasse·
406 4193 468 4252 Non
490 4191 582 4251 alium
613 4193 702 4269 igitur
727 4197 880 4250 auctorem
909 4205 926 4248 a
981 4198 1212 4278 stottpraefixis
1227 4196 1697 4276 Mmtrnrnruthentetcaspam

209 4286 391 4364 Cuspiniano
411 4302 503 4363 quam
524 4283 686 4363 Apuleium
708 4284 835 4344 debebat
855 4282 929 4341 Vos·
982 4293 1120 4370 cropaxii
1140 4293 1243 4371 elogiis
1270 4293 1386 4352 nucum
1411 4292 1593 4370 longumque
1613 4289 1697 4352 404»

210 4381 274 4439 sius
288 4395 353 4457 pag.
368 4377 427 4438 739
443 4378 490 4437 444
504 4384 645 4456 expetere
660 4377 708 4437 vel
733 4384 929 4455 4444444444,
985 4386 1323 4460 micorum,carmine;
1345 4384 1488 4445 sedeam
1511 4386 1607 4446 vitam
1627 4385 1699 4445 Men-

210 4490 301 4551 quem
314 4472 352 4532 de
363 4473 492 4533 Corvino
503 4472 559 4532 hoc
569 4471 673 4532 eadem
687 4486 858 4531 memorans
869 4470 932 4530 tau·
986 4479 1110 4541 euentus
1130 4477 1270 4540 laudatus
1286 4481 1406 4558 omisa,
1421 4478 1504 4558 quon
1518 4479 1699 4558 altenuspe

209 4564 934 4645 darepotuisseiEjusdeanrviniCelerisquac-

212 4663 303 4720 ⁸2⁰?ss
319 4661 458 4719 meminit
474 4658 619 4738 Apfllelus
631 4662 661 4719 5¹¹
672 4658 811 4736 ΑΡΟῙΟῧῙθ
824 4675 851 4735 Ρ·
864 4656 932 4717 540·
1028 4678 1054 4738 a)
1076 4677 1138 4728 vida
1153 4679 1296 4728 4444444444
1312 4678 1496 4740 praelationem
1513 4677 1547 4727 ad
1566 4682 1662 4728 tonan
1675 4654 1708 4732 l,⁸

254 4753 404 4813 COSMAS
431 4754 553 4812 morus
577 4754 741 4813 Brixiensis
771 4752 850 4812 circa
875 4751 933 4811 An.
986 4752 1285 4817 sipontinensem
1310 4764 1340 4802 ex
1364 4752 1484 4802 4444444444
1501 4754 1603 4803 saloim
1629 4755 1703 4843 eone

216 4843 303 4906 4474.
326 4846 452 4922 scriptor
476 4863 577 4907 rerum
598 4847 798 4907 Brixiensium
819 4843 857 4905 de
878 4845 936 4904 ori·
984 4824 1391 4891 4444444444444444441·

1030 4903 1058 4965 b)
1074 4907 1176 4953 Praeter
1190 4913 1244 4952 rem
1254 4900 1322 4964 apud
1337 4902 1463 4964 Congium
1474 4903 1587 4953 traditur
1597 4900 1703 4951 44444444

215 4935 336 5015 ginibns
353 4937 531 5041 lamiliarum
553 4940 696 5001 nobilium
713 4944 744 5000 et
761 4939 798 5000 de
814 4955 937 5019 praesu·
986 4981 1013 5028 tn
1032 4984 1080 5029 Μ.
1097 4977 1158 5028 tono
1172 4983 1198 5027 0,
1213 4979 1281 5040 apua
1299 4976 1428 5028 0,de
1443 4983 1507 5029 „m
1525 4980 1568 5038 u,
1585 4987 1642 5039 Μ,
1660 4970 1700 5022 m

216 5030 296 5092 libus
316 5030 530 5094 brixiensibus
553 5033 626 5094 4444
648 5035 785 5097 vossium
807 5051 835 5113 p.
857 5035 927 5096 899.
986 5053 1093 5105 „naeus
1108 5053 1140 5103 sn
1156 5057 1257 5104 anunm
1276 5051 1346 5102 tosa.
