3464 5318
679 339 1034 404 nnleunlcos
1269 356 1274 366 “
1542 348 1602 407 olo

114 440 835 522 snerumejusvecontinuatoremLaxicorumve
889 449 1070 529 4444444444,
1092 452 1156 509 sive
1181 448 1216 509 de
1238 448 1434 529 quadruplici
1459 450 1600 511 imtinetu

112 541 252 597 auctores
270 535 478 601 historicorum
488 542 614 618 repperi,
626 557 724 618 neque
736 544 834 620 ipsum
891 544 1014 616 14444444,
1035 541 1196 621 Angelleo,
1214 543 1362 603 Diabolice
1377 552 1408 603 et
1423 546 1564 621 Naturali,
1575 546 1602 619 44

114 629 518 704 meminimevidere,ut,uen
530 633 643 694 editum
654 636 834 695 existimem.
889 631 1083 710 Antwerpiae
1096 632 1183 706 4654,
1201 633 1229 691 8.
1247 631 1356 693 edente
1374 633 1511 693 Cornelio
1524 633 1605 694 Dial-

154 720 388 784 FRlDERlCUS
406 722 646 802 Ertenbacensis,
662 729 784 802 Franco,
796 744 833 789 ex
891 740 1000 784 manne
1000 726 1072 801 ,qui
1090 726 1183 784 vitam
1200 726 1316 784 llanriei
1332 726 1495 802 praemisit.
1508 727 1604 784 Prae-

114 815 287 877 Pmlessore
307 818 462 894 lipsiensi,
486 819 535 878 ubi
556 818 727 880 Aristotelis
745 821 834 880 libres
889 815 1051 896 cepterium
1073 818 1138 876 sive
1152 815 1187 877 da
1208 815 1308 876 decem
1318 823 1506 897 praeceptis
1511 815 1613 895 qued

107 911 334 986 interpretatus
351 910 467 982 luemt,
485 911 676 974 Guardianus
693 912 835 974 Chemni-
888 909 936 969 alii
957 908 1082 970 Codices
1099 911 1243 986 ilenrico,
1261 908 1496 972 ntuxnnene
1512 908 1603 970 itale·

111 1003 233 1068 censis
257 1001 380 1062 Ordinis
400 1005 546 1065 Minorem
576 1005 632 1065 An.
652 1006 739 1066 l398.
758 1007 832 1067 Huic
887 1000 1019 1076 smalii,
1044 1001 1134 1062 editio
1155 1008 1253 1063 setus
1278 1005 1456 1064 Parisiensis
1481 1001 1603 1065 Niceten
1694 1028 1698 1033 ·

115 1083 294 1155 incentoria
306 1098 486 1174 scriptorum
498 1116 514 1158 a
528 1098 735 1160 bladereedita
748 1117 830 1159 num.
888 1096 1041 1156 LYRANO
1060 1095 1205 1156 tribuunt.
1223 1098 1382 1157 Sermones
1402 1095 1438 1157 de
1461 1096 1604 1157 Passieno

113 1188 397 1260 stiventonae
408 1190 464 1250 hae
474 1191 833 1270 lucubrationeszderpe-
887 1186 1006 1247 Domini
1028 1193 1059 1246 et
1086 1187 1122 1248 de
1149 1188 1292 1266 Sanctis,
1314 1191 1432 1250 Parisiis
1454 1192 1552 1267 4544,
1573 1198 1604 1249 44

112 1279 181 1340 sitio
200 1278 409 1359 Epistularum
425 1281 521 1343 Pauli.
542 1286 577 1343 ln
592 1290 724 1364 quatuor
738 1283 831 1346 libres
888 1282 1045 1357 Euganeae
1063 1281 1150 1342 4547.
1168 1280 1339 1342 Addrtrenes
1353 1281 1395 1342 ad
1421 1281 1514 1344 libres
1531 1285 1605 1344 Sen-

116 1373 347 1436 Sententianrm.
360 1376 403 1434 De
418 1375 519 1436 decem
535 1377 714 1457 Praeceptis.
730 1380 771 1438 De
786 1396 830 1439 se.
888 1371 1058 1447 4444444444,
1077 1390 1146 1433 cum
1159 1374 1291 1434 AEololl
1303 1375 1428 1437 Romani
1444 1377 1604 1438 Cemmen-

109 1465 297 1544 piemvr'lu's.
317 1467 602 1530 Deerdirrererum
625 1471 771 1531 Universi.
789 1471 832 1530 De
888 1464 975 1522 iuriis
998 1467 1026 1523 444
1059 1465 1181 1526 eosdem
1216 1466 1311 1527 editus
1342 1469 1481 1530 Coloniae
1514 1472 1602 1530 4543.

113 1557 234 1620 44444444
254 1559 355 1640 oppidi
374 1560 585 1622 Haltensis.De
598 1568 665 1623 arte
683 1560 754 1623 bene
770 1579 832 1622 me·
870 1556 929 1614 144
942 1555 1128 1636 perfectione
1145 1557 1308 1638 spirituali,
1327 1562 1392 1621 sive
1406 1561 1564 1641 depositio
1574 1561 1606 1621 in

114 1650 222 1713 riendi.
239 1654 398 1715 Sermones
417 1653 453 1714 de
471 1660 611 1733 tempere,
635 1654 670 1716 ele
691 1655 830 1730 Sanctis,
888 1648 1062 1710 Orationem
1078 1651 1283 1724 Douiniooro,
1301 1660 1331 1711 rt
1348 1670 1441 1731 super
1459 1653 1523 1715 Aee
1540 1656 1605 1715 lla-

115 1743 294 1807 collaliener
314 1745 356 1807 ad
378 1745 517 1822 cimam,
545 1746 828 1825 Quadraqen'maq,
886 1740 936 1800 ria
952 1743 1040 1816 ,sive
1060 1742 1232 1821 Anqelicam
1249 1742 1467 1821 retentionem,
1484 1750 1605 1825 saepius

116 1840 276 1900 Sermones
292 1839 349 1915 4141,
360 1856 452 1917 super
463 1838 554 1902 Salve
564 1840 733 1918 1449444444
748 1842 832 1902 nudo
887 1833 967 1893 edita
988 1837 1065 1894 inter
1080 1839 1223 1897 TlloltlAE
1235 1837 1394 1914 equinatis
1403 1839 1555 1917 opuscula
1567 1840 1605 1900 lv

117 1929 265 1991 studendi,
279 1933 321 1991 De
337 1931 420 1992 modo
440 1931 584 2012 loquendi,
604 1934 646 1993 De
663 1932 747 1994 modo
764 1952 832 1995 ver.
886 1932 917 1986 94
938 1929 971 1986 V.
995 1930 1046 1988 HlS
1067 1928 1143 1989 adde
1160 1931 1242 1990 4448441
1258 1930 1286 1987 ln
1305 1933 1397 1989 44444148
1415 1931 1607 1991 Bibliolhools

115 2024 261 2105 sificondi.
282 2022 435 2105 liteqia‘de
451 2025 567 2086 duobus
588 2026 769 2088 amantibus,
886 2018 991 2079 Floras
1008 2019 1219 2082 recollatione
1240 2022 1375 2097 Petrum,
1397 2021 1490 2084 libros
1505 2025 1603 2086 xxlr.

155 2120 394 2180 ouuooulcos
415 2119 450 2179 de
467 2119 562 2194 Senis,
580 2121 830 2195 iurisconsultus,
887 2114 1143 2174 Commentarium
1157 2115 1186 2174 in
1200 2112 1293 2176 libres
1305 2115 1479 2176 Etbicorum
1487 2115 1604 2177 Aristi<

115 2215 228 2273 Ductor
251 2214 445 2277 Decretorum
457 2259 466 2287 ,
484 2213 567 2273 Baldi
588 2216 613 2283 a)
639 2216 832 2292 Praeceptor,
889 2204 962 2266 lello.
982 2205 1160 2281 Quodlibelo
1176 2207 1244 2268 dito,
1260 2209 1303 2269 De
1318 2208 1510 2271 occultatione
1518 2210 1605 2271 uitia

115 2307 167 2383 qui
189 2312 256 2367 tum
276 2306 304 2364 in
334 2306 403 2365 eliis
427 2305 528 2364 ltaliae
557 2304 746 2380 Academiis,
768 2309 833 2366 tum
889 2312 968 2357 rnen·
977 2300 1019 2359 De
1033 2299 1237 2361 internetione
1252 2299 1348 2361 Verbi.
1360 2303 1402 2361 De
1414 2299 1603 2363 libertatibus

114 2400 228 2460 Perusti
257 2397 359 2459 decuit
385 2399 462 2458 eirca
495 2398 616 2459 Annum
645 2398 733 2459 4344.
761 2398 836 2476 Eius
892 2390 1014 2452 Ordinis
1032 2393 1191 2453 itinerum.
1203 2393 1429 2473 depositionem
1440 2395 1559 2456 1444444·
1569 2394 1606 2458 cle

124 2489 279 2564 Consilia,
307 2493 416 2551 Romae
435 2490 535 2563 4474,
554 2492 601 2551 444.
619 2507 689 2551 cum
707 2496 837 2551 tractatu
890 2482 996 2543 celebr.
1016 2486 1133 2562 Missa,
1151 2504 1244 2567 super
1260 2487 1432 2564 Decretali,
1448 2492 1607 2550 4444441444-

115 2584 153 2651 de
164 2585 384 2662 permutatione
395 2583 608 2643 beneficiorum
619 2582 656 2642 ad
668 2584 831 2642 Dominum
892 2576 961 2635 thoe
979 2584 1037 2637 etc.
1056 2578 1129 2639 Vide
1148 2581 1346 2641 Trithemium
1367 2599 1432 2660 cap.
1454 2584 1523 2644 589.
1546 2585 1607 2645 0444

119 2675 247 2737 14414141
275 2673 312 2736 de
335 2672 537 2750 Pediebeniti,
555 2677 606 2753 qui
625 2676 694 2736 lecit
710 2674 836 2735 additio·
890 2667 996 2730 dinum
1018 2678 1089 2730 tom.
1114 2673 1140 2730 3.
1163 2689 1229 2751 pap.
1252 2675 1331 2747 944,
1359 2689 1422 2751 seq.
1444 2683 1475 2735 et
1499 2675 1607 2753 Philip

117 2784 195 2842 nes,
217 2784 295 2846 quae
317 2774 390 2828 sunt
410 2769 584 2846 praemissis
609 2769 835 2846 quaestionibus
894 2780 965 2840 pum
979 2764 1112 2823 Elssium
1127 2766 1607 2847 inEncemiestieeliugustiniane

116 2865 258 2922 insertae.
893 2873 950 2934 pag
973 2856 1041 2931 274,
1057 2874 1120 2935 seq.
1135 2861 1185 2935 qui
1205 2867 1334 2921 testatur
1350 2863 1508 2941 scripsisse
1523 2880 1607 2942 prae-

162 2954 373 3016 *Fridericus
389 2955 426 3015 de
442 2955 529 3017 Senes
549 2954 650 3016 Abbas
667 2957 696 3016 S.
714 2957 837 3034 Galgoni
892 2954 993 3008 terea:
1012 2949 1047 3007 ln
1066 2950 1191 3010 Certim
1203 2952 1405 3014 Canticorum.
1419 2956 1461 3016 144
1475 2961 1607 3035 quatuor

116 3051 279 3110 Tractatus
293 3047 330 3108 de
348 3066 449 3110 rerum
460 3047 679 3126 permutatione
696 3066 765 3109 cum
781 3048 833 3108 ad·
890 3039 1030 3103 sensibus
1040 3044 1227 3120 scripturae.
1239 3046 1281 3104 De
1292 3052 1423 3124 quatuor
1432 3048 1606 3111 Virtutibus.

116 3141 283 3202 ditionibus
292 3141 329 3201 ad
343 3140 456 3202 dietum
469 3146 629 3200 tractatum
642 3157 695 3219 per
705 3141 834 3201 Alexan·
891 3134 933 3193 De
950 3133 1066 3211 eriqme
1084 3135 1206 3197 Ordinis
1227 3139 1375 3198 Fratrum
1392 3140 1609 3201 Eremitarum.

116 3234 207 3295 drum
235 3233 272 3295 de
297 3233 405 3294 Aetola
433 3239 517 3294 44444
547 3234 832 3296 innoeentes.
890 3228 932 3285 De
954 3228 1148 3308 exemptione.
1170 3231 1312 3291 Manuale
1336 3233 1540 3295 Sacerdotem.
1565 3237 1608 3296 144

118 3327 256 3389 Biblietb.
273 3327 422 3387 44444414
439 3328 533 3387 altere
550 3328 661 3404 pariter
677 3326 834 3388 chartaceo
890 3320 973 3382 vitiet
989 3320 1176 3402 capitalibus.
1189 3326 1231 3384 De
1243 3327 1398 3387 nocturnis
1409 3325 1607 3391 illusionibus.
1720 3356 1727 3372 ·

117 3419 190 3481 Ced.
209 3421 268 3482 MS.
287 3438 316 3479 n.
336 3420 483 3482 loosunt
504 3418 724 3497 disputationes
741 3437 835 3498 quae·
890 3417 933 3476 De
950 3416 1174 3496 mortificatione
1186 3420 1331 3499 propriae
1348 3418 1519 3483 veluntatis.

121 3515 236 3573 stiones
253 3519 286 3572 et
300 3513 425 3573 consilia
440 3514 474 3573 14.
492 3512 631 3573 4444144444
649 3511 686 3571 de
708 3514 795 3574 Senis
809 3516 837 3573 4.
933 3512 1229 3573 liRlSllt'GFELDUS
1241 3514 1468 3574 Sudvelcieesis
1479 3517 1606 3594 duglas,

118 3609 153 3666 V.
171 3606 205 3665 D.
224 3612 255 3665 et
272 3611 345 3665 sunt
362 3624 391 3664 n.
410 3607 477 3664 394.
891 3604 1135 3679 Grammaticus,
1152 3607 1242 3682 cujus
1261 3607 1432 3667 Praeticam
1448 3609 1608 3670 Gramma-

160 3703 303 3762 llematus
322 3696 507 3778 Prefirturus
522 3695 759 3777 FlthEltlDllS,
772 3702 837 3760 sive
893 3696 963 3757 tr‘ees
980 3703 1011 3757 et
1031 3696 1210 3759 Verberinm
1234 3710 1403 3762 memorant
1420 3720 1457 3763 ex
1474 3706 1605 3764 Bestene

116 3793 363 3868 auterannus,
386 3808 443 3851 nen
466 3799 557 3852 notus
579 3795 635 3853 nisi
657 3812 695 3854 ex
727 3795 837 3875 Grege·
891 3792 1049 3866 Beriensi,
1067 3792 1220 3853 lohannes
1237 3795 1345 3856 Baleas
1363 3798 1424 3872 xl,
1442 3799 1470 3856 8.
1488 3805 1519 3857 44
1548 3801 1606 3857 Pit—

117 3888 162 3948 rie
182 3887 369 3960 Turonensi,
398 3887 449 3964 qui
483 3885 532 3946 lib.
553 3887 573 3948 2
590 3887 729 3948 historiae
747 3891 821 3949 Fran
891 3902 963 3946 seus
984 3903 1050 3964 pag.
1071 3885 1141 3947 8444.

116 3998 222 4042 cerrum
239 3997 304 4058 cap.
321 3982 340 4040 8
356 3980 499 4040 nonnulla
511 3981 602 4040 refert
619 3997 657 4041 ex
674 3981 741 4057 ejus
759 3979 837 4042 libre
933 3980 1607 4062 414481οΝ9144444444444449444143444444445

117 4071 290 4134 duodecime
306 4071 468 4147 Historiae,
483 4072 520 4132 de
538 4072 628 4132 rebus
643 4073 677 4133 ad
698 4081 832 4153 tempere
893 4073 989 4133 titulis
1010 4073 1096 4133 xxll
1114 4120 1122 4149 ,
1143 4089 1213 4134 cum
1245 4073 1393 4136 addidere
1414 4077 1607 4158 Sapr'rntum,

119 4168 286 4228 Valentiam
305 4165 353 4225 111.
372 4164 427 4225 An.
448 4166 505 4225 445
523 4172 553 4224 et
564 4182 632 4245 cap.
653 4169 670 4225 9
689 4167 726 4228 de
744 4170 836 4228 Roma
895 4162 1061 4241 Vulcmari‚
1076 4166 1252 4229 Summundi
1270 4176 1327 4229 ete.
1345 4170 1438 4230 edidit
1454 4173 1606 4232 lebannes
1651 4170 1656 4179 '

118 4279 136 4321 4
158 4261 253 4321 444414
274 4257 371 4328 Gotho
392 4264 478 4336 capta
499 4258 555 4319 nn.
580 4259 646 4320 547.
891 4260 1039 4321 lleroldus
1061 4262 1091 4320 in
1109 4263 1221 4340 Legum
1237 4269 1375 4324 veterum
1396 4265 1530 4343 sylloge,
1552 4268 1607 4325 Ba-

154 4352 308 4413 llenricas
329 4350 365 4410 de
386 4350 583 4427 innidulo,
611 4356 676 4413 sive
709 4357 837 4416 41411114-
891 4354 985 4413 sileae
1002 4354 1081 4415 4557
1093 4399 1100 4429 ,
1119 4355 1168 4414 441.
1190 4371 1217 4433 p.
1237 4358 1368 4417 434-448
1391 4366 1421 4416 44
1438 4358 1606 4420 Friderieus

117 4448 202 4522 Lm,
229 4447 295 4507 aliis
316 4444 353 4505 de
377 4444 551 4519 Vrimeria,
574 4447 752 4521 Wrrmeria,
773 4448 837 4507 Vri·
891 4445 1145 4530 lindebregiusin
1158 4448 1267 4509 Codice
1280 4451 1605 4530 tegumentiquarum,

119 4539 208 4601 macb
224 4584 230 4614 ,
248 4556 324 4619 page
343 4537 543 4618 Thuringiae,
572 4556 663 4618 prope
686 4539 833 4614 Gelliam,
890 4541 1075 4601 Francoturti
1095 4543 1191 4618 4643,
1210 4544 1303 4622 lel.p.
1321 4543 1387 4605 487.
1406 4546 1537 4607 Eaedem
1552 4549 1606 4608 Le·

118 4634 359 4714 Augustinienus
372 4631 473 4692 decuit
484 4634 612 4706 Parisiis,
623 4640 714 4710 atque
724 4633 833 4694 exinde
888 4651 942 4714 ges
959 4636 1087 4695 Frisicae
1104 4639 1264 4714 separatim
1282 4655 1352 4698 eum
1372 4643 1450 4699 netis
1467 4641 1605 4701 Sibraudi

117 4727 312 4790 vaineialis
324 4727 469 4786 Serenum
483 4732 515 4784 et
531 4727 649 4805 Regens
664 4726 831 4787 studiorum

118 4820 260 4885 Coenebii
281 4822 449 4898 Pregeusis,
467 4818 630 4880 defunctus
646 4821 906 4928 octogenario„
930 4805 956 4865 ⁸)
985 4810 1033 4860 ³⁸·
1057 4809 1247 4872 eueelrmnurgr
1274 4810 1321 4859 ⁸¹¹¹)
1341 4812 1443 4862 ⁰⁰ffl¹¹¹⁰
1468 4810 1610 4861 orannim

118 4915 238 4996 poor
257 4913 315 4974 o
453 4913 579 4992 son
606 4909 834 4974 eroon

161 5033 188 5093 a)
206 5031 375 5103 'thomasinus
391 5031 509 5093 (1441444
525 5035 586 5082 blas
603 5035 796 5092 venetorump.
812 5031 838 5082 4.
883 5031 1044 5093 duetorem,
1060 5034 1195 5085 tribuitur.
