3458 5332
109 320 128 382 a
714 300 1012 367 ACCOLBUS

110 424 299 485 versionum
314 420 439 490 Latinis,
450 416 523 476 uitii
535 413 628 475 buteo
639 411 719 491 quoa
730 410 837 472 addam
892 419 971 481 4440
989 416 1100 477 incidit.
1118 416 1153 476 ln
1170 413 1353 476 0044044004
1368 414 1463 476 ratini
1479 422 1562 476 exat
1576 414 1606 475 44

112 516 213 579 iacobi
226 512 346 576 Bchard
361 509 526 572 industriae
547 508 631 567 lom.
646 506 665 566 2
682 504 721 564 de
741 504 840 581 scrip
891 512 1020 572 peresus
1030 504 1607 588 tummipaewtneunmdemt.

113 605 434 671 toribusBominicanis
445 618 511 680 pag.
523 600 561 660 45
573 615 635 676 seq.
646 598 739 658 hiulta
749 597 839 656 etiam
887 602 923 664 ae
935 602 1038 663 4440044
1048 607 1078 662 et
1089 600 1186 680 postia,
1197 599 1234 661 de
1248 597 1329 678 04449,
1341 604 1372 659 nt
1380 597 1419 661 444
1427 599 1608 681 aequmst

117 702 154 764 de
174 717 210 761 eo
231 699 354 760 lacobus
367 693 500 756 Gaddius
514 691 551 751 de
566 689 766 768 scriptoribus
780 703 839 746 non
893 695 1012 757 haered,
1033 695 1116 767 Quae
1138 695 1238 755 omnia
1258 693 1350 753 simul
1372 694 1523 772 lmpressa
1543 699 1610 753 sunt

117 792 345 857 Ecclesiasticis.
893 791 982 851 80040
998 806 1046 849 00.
1064 788 1142 848 4486
1151 786 1200 846 die
1217 784 1338 847 attulit
1353 786 1385 845 in
1395 786 1444 847 iol
1460 786 1557 848 Extat
1570 788 1611 845 in

161 885 310 946 *Pmeter
330 880 458 942 indicata
477 878 515 938 64)
533 874 666 937 Eduardo
689 874 842 951 scriptoris
893 898 985 960 super
1000 877 1192 941 ejuslectura
1208 876 1511 958 inprimmpamm
1521 877 1613 959 Μῦν.

121 979 211 1039 huius
223 990 313 1055 opera
325 972 428 1035 Codex
441 970 501 1030 BS.
515 967 713 1028 Bibliothecae
726 967 843 1024 4440004-
895 973 973 1051 awti,
984 971 1064 1033 044444
1079 973 1191 1031 piscine
1201 987 1255 1050 per
1264 970 1408 1032 jacobum
1425 970 1463 1032 <10
1479 971 1615 1035 0444444444

122 1069 226 1131 dianae
246 1071 406 1127 conservat
425 1063 607 1140 epigramma
627 1061 693 1119 eius
713 1056 749 1118 ad
770 1058 844 1117 ami·
896 1069 961 1127 sine
982 1081 1079 1138 anno,
1096 1066 1220 1142 insuper
1238 1064 1305 1123 eins
1325 1065 1565 1125 commentarius
1583 1061 1615 1123 40

112 1174 202 1225 'earm
222 1159 296 1221 Vide
317 1157 493 1234 catalogum
514 1152 595 1213 tiss.
627 1150 720 1215 codd.
748 1149 843 1211 eiusd.
896 1157 1014 1238 acquir.
1027 1154 1384 1217 haerededitusrisoine
1398 1154 1618 1219 dieXBecem-

124 1252 323 1315 Bibliothecae
342 1264 410 1327 pag.
432 1249 459 1307 5.
898 1251 960 1311 bris
987 1250 1073 1311 4489.
1101 1250 1177 1310 ltem
1198 1250 1265 1308 eius
1285 1249 1424 1325 consilia,
1446 1248 1559 1310 ibidem
1574 1266 1616 1311 an.

165 1348 182 1383 ³
202 1347 301 1407 Vitam
315 1342 443 1402 absolvit
456 1338 504 1400 die
517 1338 557 1400 27
570 1339 586 1397 J
590 1338 640 1398 ulii
662 1339 739 1399 4549
757 1344 791 1397 444
807 1353 844 1395 ex
900 1343 986 1403 4486.
1005 1343 1038 1401 40
1055 1342 1112 1401 alio
1121 1340 1223 1401 codice
1233 1340 1325 1401 Felini
1337 1340 1498 1403 chartaceo
1508 1343 1618 1419 sigrmto

127 1440 237 1502 Codice
246 1439 306 1500 ltS.
316 1437 458 1496 Vaticano
467 1430 688 1494 llazzuchellns
697 1428 846 1492 amendat.
899 1453 929 1495 n.
943 1437 999 1495 489
1011 1437 1284 1495 0004400404400044
1294 1432 1431 1494 eiusdem
1445 1434 1542 1495 Felini
1552 1434 1621 1495 Sao·

116 1532 281 1611 -(Scrittori
302 1527 425 1589 d‘ltalia
444 1527 466 1586 l.
489 1525 557 1602 54.)
660 1518 663 1523 ’
901 1528 1120 1606 deidescripta
1140 1527 1275 1597 lectura,
1297 1542 1354 1587 seu
1375 1523 1511 1587 40040400
1533 1543 1621 1607 super

169 1620 373 1686 accounts
385 1619 577 1680 Florentinus
590 1615 661 1678 Ord.
678 1614 780 1676 Praod.
801 1616 851 1675 l'i-
903 1619 1071 1681 Becreiotes
1082 1620 1231 1681 Francisei
1247 1617 1363 1680 Aretini
1375 1620 1406 1679 in
1416 1621 1507 1682 cuius
1516 1620 1621 1682 codicis

128 1720 165 1779 de
181 1717 256 1779 inira
268 1712 469 1786 BlCOLBUS‚
483 1713 535 1788 qui
548 1709 710 1770 defunctus
724 1707 851 1768 traditur
903 1714 963 1775 600
980 1713 1054 1774 haec
1069 1712 1171 1772 scribit
1186 1711 1322 1772 Felinus:
1341 1709 1563 1775 Solemnissimi
1575 1730 1622 1773 rn-

129 1813 164 1874 h.
186 1811 220 1871 G.
243 1809 330 1871 4309.
903 1805 1074 1886 sessionique
1089 1795 1163 1867 tal
1175 1802 1336 1865 Frumisci
1348 1805 1470 1866 Aretiui
1482 1824 1622 1868 0000400

172 1900 349 1965 Benedictus
376 1897 579 1960 hccotrtts
605 1891 753 1960 aretinus
771 1890 850 1953 diem
904 1901 1000 1976 40440,
1027 1915 1106 1979 quoe
1132 1898 1164 1957 iu
1189 1896 1302 1958 ultimis
1323 1897 1388 1960 suis
1415 1898 1622 1979 congressibus

131 1999 203 2060 obiit
217 1997 381 2057 Florentiae
396 1992 473 2054 4466
486 1997 544 2057 aet.
552 1991 584 2050 64
596 1990 682 2049 cuius
692 1989 755 2046 vita
768 2002 853 2065 prae·
904 1993 1070 2054 Ferrarine
1088 1990 1180 2070 pestis
1200 1990 1418 2070 sapientissime
1439 1991 1552 2065 edida·
1577 1993 1623 2054 de-

133 2092 262 2152 mittitur
270 2090 337 2149 eius
349 2085 464 2164 dialogo
474 2082 511 2144 de
517 2081 707 2163 praestantia
715 2079 852 2140 virorum
903 2103 986 2146 mum
1001 2081 1201 2165 quinquennio
1214 2081 1297 2144 aaa
1312 2081 1369 2143 sub
1391 2083 1519 2164 imperio
1534 2086 1623 2146 Buee's

132 2184 183 2246 sui
196 2182 274 2257 aevi,
292 2182 343 2259 qui
357 2196 395 2240 044
410 2176 590 2240 Bibliotheca
600 2175 726 2235 illustris
734 2172 854 2251 4403440-
903 2176 1064 2242 4400404004·
1096 2180 1280 2236 secretorum
1317 2174 1382 2236 04444
1417 2174 1623 2255 fidelissimam

133 2279 229 2340 bechii
242 2276 342 2338 editus
355 2280 403 2333 est
413 2275 535 2332 Parmae
546 2270 622 2330 4689
633 2275 664 2327 et
674 2265 781 2326 deinde
792 2264 853 2325 Au·
904 2271 1058 2333 0044040444,
1075 2270 1132 2330 Cui
1148 2270 1223 2330 Duci
1245 2268 1389 2329 defuncto
1405 2285 1550 2332 successo
1571 2272 1625 2333 Ga.

134 2380 239 2453 gastae
252 2367 428 2429 Vindelicor.
444 2363 516 2424 4694
536 2363 555 2419 8
570 2362 606 2438 (B)
622 2363 670 2435 (et
687 2359 852 2419 Florentiae
866 2408 868 2413 .
905 2364 996 2424 tracto
1013 2364 1071 2423 filio
1087 2361 1164 2423 00444
1176 2367 1276 2422 tantus
1287 2360 1390 2421 doctor
1401 2369 1528 2425 vocatus
1542 2382 1565 2424 a
1575 2382 1626 2445 pp

131 2464 213 2527 4047
226 2478 287 2522 una
299 2476 370 2520 cum
384 2474 430 2535 op.
444 2454 568 2532 Philippi
588 2452 696 2512 Villani
709 2447 747 2511 de
761 2450 853 2510 sumu
902 2456 975 2537 pulo
989 2455 1115 2519 Senensi
1122 2457 1214 2534 Leges
1224 2458 1374 2517 4404000αο
1383 2453 1472 2517 isthic
1485 2474 1628 2519 00404000-

133 2545 333 2626 040044444440)
356 2549 439 2609 ldem
453 2553 501 2606 004
513 2545 672 2615 docebas,
695 2546 783 2605 cuius
803 2562 855 2603 ax·
908 2555 1037 2610 40444404.
1054 2551 1118 2625 000
1135 2546 1254 2608 tandem
1267 2564 1325 2627 per
1347 2548 1530 2611 Ferrarium
1545 2556 1629 2612 4400-

134 2654 201 2711 4004
214 2646 292 2707 Libri
306 2644 354 2705 lli.
369 2642 413 2700 De
428 2637 509 2700 Bello
526 2635 855 2715 0004400046040490-
908 2643 998 2702 situm
1016 2640 1121 2722 [00445
1145 2639 1281 2702 04404444
1303 2641 1384 2703 4466
1406 2658 1466 2721 quo
1485 2641 1534 2704 die
1552 2643 1628 2725 sorte

133 2737 406 2821 stuproPalaestina
416 2728 683 2811 recuperanda,qui
692 2731 855 2791 novissime
909 2735 981 2796 4004
990 2733 1202 2795 commentario
1211 2725 1345 2793 scribere
1356 2733 1501 2814 complevi
1508 2735 1629 2798 Felimis

136 2834 232 2897 reensi
246 2836 367 2892 04404044
380 2827 553 2887 recensione
566 2825 684 2885 ilenriei
701 2822 856 2884 lloisnide-
908 2845 977 2908 eqo,
995 2827 1164 2888 studiorum
1184 2842 1318 2907 meorum
1338 2843 1416 2885 0000
1435 2827 1519 2906 finito
1535 2846 1628 2899 0000,

135 2930 175 3002 44,
191 2925 358 3002 Groningae
376 2919 447 2982 4734
474 2920 502 2978 8.
523 2920 567 2979 De
586 2919 653 2980 aliis
674 2917 855 2979 editionibus
907 2921 1016 2981 aetatis
1034 2922 1084 2983 22.
1102 2919 1231 2979 40400040
1252 2917 1327 2979 mati
1351 2917 1483 2981 tecturae
1509 2920 1629 2983 0004044

134 3021 196 3083 dixi
209 3021 240 3080 in
253 3017 326 3078 libro
340 3013 377 3074 de
391 3013 599 3093 propagatione
618 3009 774 3088 Evangelii
787 3026 852 3088 pag.
874 3032 878 3040 ·
907 3030 995 3073 onere
1011 3030 1069 3093 pro
1088 3012 1224 3092 sequenti
1242 3029 1339 3088 nuno,
1358 3029 1451 3091 0444ιο4
1470 3013 1533 3074 ulio
1552 3032 1629 3075 00440

135 3114 202 3176 tat.
216 3113 260 3173 De
277 3109 332 3169 hoc
347 3107 468 3169 Accolto
493 3103 582 3166 etde
602 3104 668 3163 aliis
689 3103 778 3163 huius
802 3118 854 3161 440
907 3104 1082 3166 4404004040.
1096 3106 1145 3169 Ex
1161 3106 1218 3165 hac
1234 3108 1428 3166 annotatione
1450 3115 1573 3170 constat
1593 3108 1630 3169 de

135 3209 224 3269 minis
237 3202 354 3282 juvabit
373 3198 538 3260 ’0000444440
557 3198 689 3257 0404444444
709 3194 850 3254 04044404.
903 3207 985 3259 00440
995 3216 1074 3259 0000
1084 3199 1627 3263 iacturaeSenensisltiscimusetiam

133 3301 234 3362 ltaliae
263 3299 296 3356 T.
320 3296 373 3355 444.
400 3310 466 3371 pag.
495 3291 553 3351 329
575 3306 637 3367 seq.
659 3287 748 3348 4444044
778 3287 851 3346 Cre-
904 3309 1018 3352 moram
1042 3290 1293 3351 Mediolanensem
1317 3290 1432 3353 4404404
1458 3311 1514 3372 per
1535 3312 1629 3357 annos

134 3408 254 3453 monam
275 3390 423 3448 literatam
444 3383 481 3443 ll.
502 3383 541 3441 63
562 3398 625 3459 seq.
903 3387 1014 3463 plures.
1037 3386 1187 3445 hiscimus
1208 3386 1319 3462 pariter
1341 3386 1518 3449 consedisse
1545 3389 1628 3450 illum

172 3475 615 3546 FranciscusdeACCOLTlS‚
628 3471 780 3534 Benedicti
794 3473 852 3532 ira·
904 3477 955 3539 din
975 3476 1148 3551 Mediolani,
1165 3477 1245 3554 quod
1279 3477 1518 3540 llazzuchellum
1544 3483 1627 3559 lngit.

133 3587 180 3637 ter
206 3574 301 3635 JGtus
325 3572 376 3647 qui
402 3568 601 3629 subtilitatum
628 3567 767 3643 princeps
786 3567 853 3642 qui·
905 3573 939 3631 ln
956 3570 1015 3631 4400
1030 3569 1192 3630 voluminis
1210 3571 1319 3649 legitur
1335 3571 1462 3650 epistola
1478 3573 1575 3633 Felini
1592 3571 1628 3634 ad

133 3667 260 3730 busdam
281 3670 329 3725 est
348 3664 434 3721 visus
454 3658 533 3738 apud
547 3658 633 3720 Guid.
655 3657 851 3718 Panciroiium
905 3663 1344 3725 eumdemaranetseum.1ste
1360 3668 1629 3726 verooommenth-

134 3761 231 3827 libriit
245 3757 282 3819 de
296 3757 367 3815 vitis
379 3754 522 3814 ictorum
542 3768 606 3829 cap.
628 3752 695 3811 l03.
717 3750 794 3812 Obiit
817 3751 852 3811 Α.
906 3759 969 3817 rius
979 3755 1048 3816 dein
1058 3753 1166 3834 prodiit
1176 3772 1309 3817 excusus
1324 3759 1474 3819 Bononiae
1486 3774 1535 3819 an.
1552 3760 1623 3821 4484

135 3854 212 3917 4470
226 3853 243 3887 ¹*
263 3851 359 3913 44444440
378 3849 435 3907 viri
455 3850 560 3906 extant
580 3845 661 3922 typis
681 3843 753 3904 editi
772 3860 854 3903 eom·
906 3850 953 3909 iol.
976 3850 1009 3908 ln
1025 3846 1097 3908 Cod.
1110 3849 1168 3912 292
1184 3850 1243 3910 lls.
1254 3848 1391 3910 eiusdem
1407 3850 1501 3911 Felini
1519 3852 1628 3931 legitur

135 3947 280 4008 4004440440
307 3958 372 4020 sup.
395 3941 440 3999 tit.
462 3936 498 3999 de
517 3941 650 3998 0000004.
672 3935 803 4015 acquisit.
825 3939 855 3995 et
905 3940 1040 4002 eiusdem
1062 3943 1212 4007 Branctsei
1234 3939 1391 4001 0000444400
1418 3942 1449 4002 40
1465 3958 1563 4005 causo
1578 3945 1628 4004 Te-

133 4039 252 4101 deuuut.
273 4039 303 4097 in
317 4038 345 4097 5.
360 4035 422 4096 Lib.
442 4032 588 4093 Decretal.
610 4031 760 4109 lmpressa
780 4038 853 4091 sunt
905 4033 1052 4096 stameuti.
1070 4030 1184 4093 400044.
1204 4035 1262 4094 342
1279 4041 1328 4094 004
1343 4036 1492 4114 Repetitio
1504 4040 1533 4098 in
1552 4039 1584 4098 1..
1600 4037 1630 4098 04

132 4135 256 4208 Piscina,
269 4147 346 4209 quae
359 4127 437 4190 Urbs
450 4132 498 4187 004
510 4125 747 4185 Florentinorum
766 4125 795 4181 40
820 4123 854 4183 44-
903 4125 1015 4207 fratris
1037 4126 1071 4186 C.
1093 4125 1130 4185 de
1150 4123 1218 4202 jura
1239 4125 1326 4186 delib.
1349 4126 1429 4189 edita
1449 4130 1557 4209 Papiae
1578 4148 1624 4192 an.

132 4228 221 4288 nibus
234 4223 378 4286 Lucensis
389 4220 520 4294 ditionis,
535 4218 648 4294 absone
661 4218 852 4276 annotatione
907 4220 983 4281 4494
1005 4220 1024 4280 4.
1046 4221 1080 4279 40
1101 4218 1194 4278 044040
1213 4219 1307 4279 eiusd.
1332 4220 1533 4284 Bibliothecae
1552 4222 1624 4283 Cod.

132 4321 211 4380 anni.
225 4319 340 4379 Extant
352 4314 444 4374 044040
461 4308 593 4373 Consilio
606 4324 674 4367 0400
687 4307 852 4386 repertorio
903 4314 962 4374 MS.
980 4314 1046 4373 eius
1067 4313 1159 4372 oratio
1180 4313 1371 4390 gratulatoria
1387 4313 1424 4374 ad
1446 4316 1573 4378 Paulum
1592 4319 1624 4377 ll.

132 4408 292 4472 eorundem
309 4405 419 4469 ibidem
431 4405 543 4482 pariter
553 4404 698 4480 impressa
711 4417 758 4461 an.
771 4402 848 4463 4482
903 4423 956 4485 pro
971 4405 1051 4466 adito
1067 4405 1264 4482 Pontificatn,
1281 4405 1381 4466 habita
1398 4409 1520 4469 nomine
1536 4412 1627 4471 Fran-

133 4503 170 4580 (3)
190 4510 222 4564 04
240 4504 346 4565 Venet.
370 4514 416 4577 ap.
436 4496 472 4559 N.
493 4495 704 4571 Bevilacquam
730 4493 807 4555 4572
829 4495 848 4555 i.
902 4501 973 4559 04004
989 4499 1114 4560 Stortiae
1128 4497 1445 4559 Mediolanesisltucis.
1463 4502 1521 4561 Bst
1535 4506 1625 4564 etiam

131 4610 248 4656 necnon
258 4596 403 4672 scriptum
417 4590 449 4650 iu
464 4586 514 4649 tit.
530 4584 710 4652 2000404444.
725 4588 851 4666 impres·
903 4593 932 4650 in
949 4590 1054 4650 eadem
1072 4589 1253 4650 Bibliotheca
1270 4608 1300 4650 n.
1319 4593 1371 4652 484
1388 4592 1463 4652 444444
1474 4598 1556 4673 typis
1573 4598 1627 4656 im·

130 4705 199 4750 sum
220 4689 367 4747 Bononiae
387 4700 435 4744 an.
458 4682 529 4743 4484
549 4683 578 4739 40
594 4679 642 4740 404.
901 4698 1026 4762 pressus
1042 4684 1190 4743 Francisci
1207 4682 1323 4743 Aretini
1340 4700 1432 4763 super
1449 4685 1492 4746 444.
1514 4687 1551 4749 de
1571 4687 1626 4749 440

170 4777 417 4839 *Mazzuchollus
440 4778 471 4835 in
491 4775 546 4852 Op.
568 4775 611 4834 De
628 4774 734 4851 Script.
746 4774 846 4835 ltaliae
883 4782 996 4836 -00004,
1007 4775 1139 4857 inquisit
1151 4781 1181 4835 et
1194 4775 1370 4853 deitatnoiot,
1382 4776 1414 4836 40
1433 4780 1624 4843 4140044404.

129 4879 210 4935 40040
227 4877 356 4932 monete
371 4872 450 4929 vivis
466 4868 634 4929 excessisse
644 4867 753 4927 ictum
765 4866 846 4927 hunc
901 4872 931 4928 in
948 4869 1007 4930 fine
1024 4885 1096 4929 vero
1113 4871 1212 4947 operis
1226 4866 1342 4948 legitur.
1362 4868 1516 4951 completa
1526 4879 1573 4934 est
1587 4873 1626 4933 40-

127 4972 195 5045 post
211 4963 444 5026 coniurationem
461 4962 650 5039 Pazzianam,
661 4976 739 5039 quae
750 4961 780 5020 in
796 4976 843 5021 an.
899 4968 987 5023 eiuro
1001 4963 1057 5023 isto
1072 4961 1102 5022 in
1125 4960 1245 5023 44044040
1261 4964 1410 5025 Sanamem
1426 4962 1564 5027 0444044044
1578 4964 1624 5027 die
