3458 5332
604 333 964 398 cusscorllcs
1251 379 1254 383 .
1473 337 1530 399 404

150 439 180 497 8.
202 436 311 497 404040
331 435 369 496 04
390 436 503 498 calcem
524 437 642 501 codicis
662 440 758 502 cano-
851 438 1109 513 cBESCONlUS,
1133 439 1300 517 Episcopus
1320 439 1536 518 compostella·

138 531 282 592 ccclesiae
308 532 479 606 Romanae,
506 529 575 591 ibid.
604 532 701 603 4609,
728 534 758 595 4.
813 548 892 609 000,
907 534 960 611 qui
976 530 1033 595 dn.
1052 531 1131 593 4056
1149 534 1177 590 40
1195 531 1327 592 Concilio
1348 532 1536 613 Compostel-

138 641 195 687 4440
212 622 350 702 Dionysii
365 622 485 702 44049444
500 624 598 700 (circa
608 624 665 686 40.
680 627 758 702 500.)
812 627 881 686 4000
901 633 1007 687 auctor
1027 626 1084 686 init
1103 625 1144 686 VI
1159 624 1314 687 00000400
1340 625 1379 686 04
1404 625 1536 706 discipli-

138 738 143 776 4
160 719 318 780 Canonum
330 717 609 781 Ecclesiasticorum
626 719 761 783 Christo-
813 736 884 780 nam
900 720 1145 782 Ecclesiasticam
1162 720 1193 777 in
1210 719 1352 795 Hispania
1368 720 1537 781 instauran-

138 811 433 886 rsusm11as,1³aris.
450 811 529 872 4644
542 858 549 887 ,
561 813 674 874 &Eine
690 821 759 892 post
812 810 881 873 dam
896 811 1086 873 conditorum
1098 856 1105 886 ,
1117 814 1168 890 qui
1185 813 1213 870 in
1232 813 1323 871 tomis
1334 812 1537 874 conciliorum

138 907 157 964 ii
170 902 299 965 Dandini
316 904 488 965 4440004400
507 905 619 980 [Flavii
640 908 759 969 Franci·
812 909 844 964 04
856 903 936 982 0004
949 903 1124 984 Agvirrium
1141 909 1214 964 tom.
1230 905 1281 964 444.
1298 901 1400 965 Concil
1414 905 1536 983 Hispan.

147 999 328 1059 Hauteserre
345 1014 362 1058 a
379 998 560 1074 Salvaizonl
576 998 758 1076 editionem,
813 1014 880 1076 pag.
900 999 979 1073 448,
1000 999 1151 1076 leguntur.

141 1091 202 1152 otis
217 1095 249 1151 04
264 1088 467 1151 FULGENlll
484 1090 675 1152 4444444444
692 1091 760 1153 440-
854 1092 910 1154 Fb.
922 1091 1159 1155 cllEScONlUS
1171 1134 1179 1166 ,
1191 1089 1352 1152 Africanus
1365 1093 1454 1153 40440
1467 1136 1474 1167 ,
1487 1109 1539 1153 00-

139 1201 183 1261 re,
199 1182 387 1262 Augustorili
401 1185 558 1246 Pictonum
571 1185 649 1246 4630
663 1230 670 1261 ,
682 1186 709 1246 4.
724 1187 758 1246 40
814 1187 872 1244 4404
888 1185 1035 1247 (40444444
1054 1185 1193 1259 nomine,
1207 1189 1238 1243 ct
1255 1201 1273 1244 a
1290 1185 1448 1245 cresconio
1466 1183 1538 1246 4440

139 1274 276 1339 adicias
307 1275 486 1336 breviationi
516 1278 662 1354 antiquus
689 1294 760 1341 cum
816 1276 1463 1357 proptereahreviatorccanonnmldequo
1474 1277 1537 1357 jam

139 1371 329 1431 annectitur:
353 1375 474 1446 etpost
500 1369 662 1430 editionem
684 1372 763 1432 Petri
819 1371 899 1446 dixi)
914 1371 1002 1449 longe
1019 1369 1157 1432 diversus
1171 1370 1373 1430 communiter
1385 1372 1540 1431 existima-

139 1464 185 1524 sci
206 1461 334 1524 chifletii
356 1464 383 1520 J.
405 1463 435 1522 S.
465 1463 589 1522 Divione
611 1463 711 1539 4649,
735 1465 763 1524 4.
820 1473 880 1526 tus.
908 1463 967 1525 Sed
989 1461 1120 1525 eundem
1137 1478 1206 1523 esse
1231 1461 1358 1523 libenter
1375 1462 1448 1523 mihi
1472 1478 1540 1542 per·

140 1557 222 1617 04400
243 1571 385 1616 recusum
407 1555 499 1630 esth)
521 1555 578 1615 hoc
598 1555 759 1618 Cresconii
817 1557 949 1630 suadeo,
967 1572 1037 1615 nam
1054 1561 1086 1615 et
1100 1562 1222 1633 4040000
1237 1554 1362 1633 pulchre
1379 1557 1537 1631 convenit,

139 1650 214 1719 rium
229 1651 259 1708 in
274 1655 354 1709 tomo
368 1650 466 1727 priore
482 1648 686 1711 Bibliothecae
703 1650 761 1711 Ca·
815 1657 847 1710 04
865 1655 1079 1728 argumentum
1099 1649 1217 1727 operis,
1234 1654 1266 1708 04
1279 1723 1282 1728 Ι
1293 1649 1408 1726 patria,
1433 1655 1465 1708 et
1486 1664 1539 1708 00-

139 1741 251 1802 eGuil.
265 1742 356 1802 Voelli
371 1747 403 1801 04
418 1742 537 1802 4004404
551 1742 672 1802 Justelli
689 1758 757 1822 pag.
814 1760 894 1803 men.
912 1737 1108 1804 cresconium
1128 1743 1311 1820 Episcopum
1333 1741 1440 1803 Afrum
1462 1743 1539 1803 con-

139 1836 221 1896 'aris
247 1835 335 1895 4664.
359 1834 407 1894 404.
435 1833 486 1895 uhi
507 1835 601 1894 etiarn
622 1833 758 1913 duplices
812 1835 930 1896 cordiae
957 1835 1113 1896 canonum
1137 1837 1314 1913 scriptorem
1339 1833 1471 1895 0004040
1491 1850 1540 1895 es-

139 1945 148 1989 0
165 1927 329 1988 harmonici
346 1929 376 1986 in
388 1925 575 1987 Ferrandum
593 1933 625 1987 et
636 1928 760 1991 cresco
814 1946 866 2004 se,
884 1930 935 2008 qui
952 1926 1030 1987 bella
1043 1927 1168 1985 4000040
1184 1927 1275 1986 40040
1290 1928 1320 1984 40
1336 1925 1435 1986 Africa
1453 1933 1539 2004 gesta

139 2026 277 2094 exstant,
299 2026 330 2080 04
351 2021 382 2078 40
410 2018 575 2098 appendice
606 2027 760 2097 praeterea
814 2023 948 2082 carmine
974 2020 1153 2079 hexametro
1179 2016 1358 2097 descripsit,
1387 2021 1416 2076 in
1441 2021 1538 2079 veteri

139 2112 237 2174 3-444
258 2111 396 2189 ejusdem
419 2113 572 2173 cresconii
596 2111 762 2174 concordie
817 2115 866 2175 4440
885 2112 993 2175 Codice
1010 2119 1080 2172 0040
1096 2111 1297 2173 44044440044440
1313 2110 1428 2190 legerat
1447 2112 1540 2172 etiam

140 2206 367 2281 rom,canones
381 2206 462 2284 ipsos
475 2211 507 2265 et
520 2205 640 2267 decreta
657 2206 761 2267 eodem
819 2209 966 2272 Batonius
991 2205 1029 2266 ad
1054 2204 1177 2266 Annum
1206 2205 1282 2279 547,
1308 2220 1392 2264 num.
1414 2204 1461 2264 76.
1484 2205 1536 2264 4440

155 2315 210 2377 per
227 2299 331 2358 titulos
345 2304 499 2359 trecentos
512 2297 664 2377 descripta
678 2299 763 2360 exhi·
816 2310 865 2365 est
883 2303 1015 2362 ioannes
1036 2300 1074 2360 de
1100 2297 1191 2377 cnjus
1210 2299 1335 2358 victoria
1355 2294 1494 2358 Africana
1509 2298 1537 2371 a)

140 2409 165 2451 0
183 2391 290 2454 Codice
317 2393 376 2452 MS.
405 2390 479 2450 Bibl.
508 2391 760 2455 Clarornontanae
815 2396 974 2474 Procopius
987 2394 1021 2453 ll.
1038 2391 1078 2453 47
1090 2397 1122 2453 04
1136 2393 1166 2451 40
1180 2397 1316 2452 extremo
1328 2389 1394 2451 libri
1407 2391 1443 2449 ll.
1457 2390 1536 2449 Van·

140 2486 280 2546 40000040
302 2483 410 2544 404040
428 2485 616 2547 Breviarium
638 2503 759 2565 quoque
814 2489 872 2550 dal.
890 2493 922 2548 et
939 2488 986 2548 444.
1003 2485 1050 2548 47.
1068 2485 1185 2545 Gothic.
1202 2490 1233 2544 04
1254 2482 1292 2544 40
1308 2483 1397 2562 cnjus
1412 2483 1538 2543 victoria

140 2577 265 2638 liotheca
283 2579 405 2638 Petrum
424 2575 496 2637 edit.
516 2577 610 2656 Lugd.
627 2584 699 2639 tom.
717 2580 758 2640 lX
813 2581 952 2641 Africana
969 2578 1048 2639 idern
1066 2594 1160 2656 opus,
1176 2575 1255 2654 quod
1271 2574 1463 2636 4000004400
1479 2574 1537 2636 co-

140 2671 217 2731 illetii
234 2670 383 2732 editione:
399 2676 430 2729 et
446 2687 485 2730 ex
499 2670 611 2730 Pitheci
628 2670 758 2732 editione
811 2676 915 2753 cippus
936 2673 1107 2751 inscripsit,
1128 2677 1160 2732 04
1183 2686 1275 2748 quarn
1297 2670 1356 2731 his.
1386 2668 1479 2729 luisse
1504 2669 1534 2727 in

140 2762 233 2826 lodice
255 2765 411 2824 Canopum
426 2763 587 2823 Ecclesiae
607 2762 757 2827 Romanae
810 2767 992 2829 Bibliotheca
1005 2766 1137 2829 Budensi
1153 2765 1269 2825 notavit
1283 2768 1352 2842 post
1362 2760 1532 2823 4400004040

141 2858 165 2915 44
183 2855 296 2916 Pitheci
317 2856 515 2916 Miscellaneis
535 2856 756 2918 Ecclesiasticis
811 2865 841 2921 40
858 2860 1040 2941 appendice,
1063 2859 1225 2920 Simlerum
1243 2862 1274 2916 et
1290 2855 1365 2916 alios
1389 2853 1535 2917 christia·
1569 2909 1572 2916 .

141 2951 187 3010 46.
207 2951 298 3009 Paris.
321 2949 408 3009 4487.
431 2950 479 3009 404.
497 2950 531 3008 40
546 2949 655 3012 Codice
676 2951 758 3012 hlSto
795 2941 870 3015 ‘nus
886 2954 1033 3014 Daumius
1054 2951 1189 3030 Epistola
1211 2948 1249 3009 ad
1269 2945 1424 3008 Nicolaum
1446 2947 1536 3006 44040-

140 3044 297 3104 004040444
312 3044 436 3102 4040004
447 3041 756 3104 444440444000440000
811 3049 890 3107 sium
908 3052 981 3104 tom.
998 3045 1033 3105 V.
1054 3043 1187 3121 sylloges
1204 3042 1446 3101 Burmannianas
1467 3055 1533 3116 pag.

141 3138 221 3196 >nius
237 3151 303 3212 pag.
319 3135 366 3193 60.
383 3136 503 3194 44400440
517 3135 610 3195 4404404
625 3142 757 3196 testatur
810 3139 879 3201 447.
899 3135 1037 3199 Eandem
1058 3136 1088 3193 in
1109 3134 1288 3195 44οο0040440
1310 3132 1413 3191 4404400
1434 3131 1536 3190 cassi·

140 3246 163 3289 0
181 3231 329 3306 reperisse
351 3234 473 3288 notam:
491 3227 551 3287 4040
573 3227 755 3290 cresconius
810 3232 897 3292 nansi
913 3243 1079 3306 usurpasse
1093 3243 1127 3286 se
1141 3224 1238 3285 oculis
1251 3225 1368 3283 monuit
1382 3229 1413 3282 et
1426 3221 1536 3282 exinde
1617 3232 1621 3241 ·

141 3327 159 3382 et
170 3319 564 3401 040404400000040400000
575 3322 642 3381 400.
657 3319 758 3380 Patri·
810 3338 919 3385 versus
935 3319 1084 3398 quosdam
1101 3316 1243 3398 produxit
1265 3317 1309 3375 40.
1332 3316 1536 3394 cuspinianus

141 3415 201 3493 0044
212 3412 351 3494 Africam
368 3416 464 3490 (circa
481 3412 537 3474 An.
553 3414 612 3473 698
625 3414 634 3488 4
651 3411 687 3473 de
701 3414 758 3475 Se·
812 3420 842 3477 in
854 3414 1034 3477 caesaribus
1045 3457 1051 3487 ,
1064 3408 1145 3473 unde
1160 3427 1227 3471 eam
1241 3409 1301 3471 MS.
1317 3409 1433 3469 servari
1445 3408 1536 3468 Vien-

141 3524 154 3567 s
166 3507 275 3586 parsit,
289 3506 476 3568 hexametris
492 3502 632 3567 00404400
645 3504 759 3566 400044-
813 3525 868 3570 nae
882 3509 1055 3585 suspicatus
1064 3510 1113 3564 est
1123 3503 1264 3565 Barthius
1273 3502 1330 3563 tv.
1341 3502 1370 3563 4.
1383 3499 1537 3561 44νο400-

141 3598 169 3660 44
190 3598 277 3660 libris
295 3603 393 3661 ...44
406 3601 472 3660 libri
495 3615 648 3677 nusquam
670 3597 758 3657 hodie
813 3604 924 3662 riorum
941 3616 1007 3679 pag.
1023 3598 1110 3659 4584.
1133 3596 1217 3658 44040
1235 3602 1339 3657 auctor
1355 3593 1536 3655 4000004400

141 3694 385 3772 4.,4444040044404
396 3693 434 3754 04
445 3692 567 3753 Annum
584 3692 641 3750 696
654 3736 662 3768 ,
674 3707 757 3751 num.
814 3696 870 3756 sub
887 3694 961 3754 40400
978 3689 1178 3754 CBASTONll
1197 3691 1315 3768 Corippi
1332 3690 1453 3749 nomine
1473 3686 1537 3748 lau·

141 3786 295 3848 Mullum
313 3785 394 3857 527,
417 3803 501 3846 num.
523 3786 576 3858 ll.
603 3784 759 3844 Gesnerus
814 3787 1004 3848 40404040.
1025 3782 1217 3862 cuspiniano.
1240 3782 1315 3853 Quis
1333 3780 1396 3862 J'am
1420 3780 1537 3840 dubitet

141 3880 201 3941 dice
219 3880 356 3941 Biblioth.
378 3874 646 3957 cresconiuadser
656 3877 759 3951 Poeta,
815 3879 893 3940 idern
918 3877 974 3938 hoc
997 3892 1065 3937 esse
1091 3891 1168 3954 opus
1194 3876 1346 3936 cresconii
1375 3874 1404 3930 in
1429 3869 1537 3931 Codice

141 3970 197 4033 clii
212 3972 495 4034 CBEScENTlUll
516 3970 688 4043 nominant,
708 3968 762 4028 40-
813 3970 1038 4033 Valliscellauae
1052 3974 1252 4028 memoratum
1265 3985 1273 4043 3
1289 3973 1320 4026 04
1335 3965 1454 4043 Corippi
1467 3969 1538 4041 poe·

141 4065 376 4144 rilmperatoris
395 4062 472 4124 64440
491 4063 522 4123 40
541 4061 650 4144 Africa
677 4066 762 4141 90040
815 4063 922 4126 made
948 4062 1035 4123 bellis
1061 4059 1199 4136 Libycis,
1230 4058 1310 4136 quod
1341 4056 1443 4118 laudat
1478 4057 1537 4117 Leo

141 4175 172 4219 oo
193 4158 370 4239 4040440044,
392 4158 463 4218 item
485 4155 682 4220 concordiam
703 4154 762 4217 Cu·
814 4159 998 4219 4404040004ιο
1015 4154 1064 4214 444.
1083 4153 1142 4230 64,
1157 4170 1223 4232 pag.
1247 4152 1362 4212 33904
1378 4149 1457 4227 quod
1475 4165 1537 4209 me·

141 4271 155 4311 r.
173 4253 262 4314 certo
280 4252 355 4312 haec
376 4250 541 4311 Concordia
559 4266 618 4308 non
633 4254 681 4308 est
697 4264 762 4309 car·
815 4256 912 4312 morat
928 4249 1075 4325 corippus
1092 4247 1157 4324 ipso
1175 4247 1204 4304 in
1223 4245 1389 4322 lragmento
1405 4258 1538 4321 panegy-

142 4344 501 4424 lescriptaacresconio.
515 4342 555 4403 At
566 4341 762 4403 cresconium
815 4344 868 4403 rici
889 4343 919 4400 in
940 4340 1093 4401 Justinum
1116 4339 1313 4397 minoremv
1335 4336 1384 4397 35.

142 4441 189 4498 rix
200 4439 335 4499 dubitem
352 4436 482 4497 eundem
493 4451 562 4495 esse
576 4450 645 4494 cum
655 4430 761 4493 Flauio
825 4447 892 4507 pura
906 4445 1013 4507 braym
1029 4448 1135 4504 genia,
1151 4441 1214 4503 quid
1229 4443 1328 4502 044004
1345 4437 1440 4501 praelia
1455 4435 1540 4486 dmm

142 4531 269 4594 'CONIO
287 4530 436 4610 corippo,
454 4529 491 4589 de
512 4543 571 4607 quo
588 4523 657 4585 vide
674 4526 700 4584 si
717 4525 763 4585 40
826 4519 968 4572 4444114444
985 4515 1109 4580 ⁰⁰⁰¹P¹0¹⁸
1126 4517 1188 4564 ¹¹¹0ss
1206 4547 1338 4568 ······

141 4642 185 4686 ,ae
202 4642 271 4686 mox
292 4624 527 4685 dicturussum.
814 4610 988 4682 Quaerere
1010 4606 1067 4668 sub
1087 4605 1204 4682 Corippi
1230 4605 1351 4662 nomine
1381 4603 1463 4680 typis
1483 4616 1537 4661 ex·

854 4776 881 4836 ι)
899 4781 983 4839 Longe
999 4777 1049 4826 4440
1069 4777 1149 4836 igitur
1164 4771 1227 4824 haee
1244 4773 1353 4822 44040440
1371 4778 1397 4822 04
1415 4771 1480 4820 allus
1498 4775 1539 4820 40·

142 4859 225 4912 4404.
236 4860 363 4910 Gebhardl
375 4858 500 4909 Theodori
513 4859 599 4908 4404044
613 4856 764 4907 historicam
810 4851 928 4909 4440000,
950 4848 982 4899 40
1005 4862 1057 4911 000
1084 4850 1211 4899 40440000
1231 4846 1299 4912 apud
1319 4848 1463 4910 cangium,
1480 4844 1562 4901 tib,

142 4948 185 4988 ,00
203 4935 234 4987 40
251 4935 449 4986 collectlonlbus
467 4932 640 4994 44000003
660 4918 1540 4987 44441.4004040444.44.(4004440004441.044040040044

142 5013 190 5065 'lde
208 5013 335 5064 oudinum
353 5017 414 5062 4040
432 5012 452 5059 l.
468 5020 526 5072 pap.
546 5006 616 5057 4664.
811 5005 859 5052 40.
875 5000 932 5050 096
953 5013 978 5048 n
996 5003 1061 5051 xlii.

1270 5104 1427 5200 51⁴3
