3458 5332
192 337 252 399 444
363 278 365 283 ’
478 289 479 293 ¹
844 326 1033 389 4444444

191 441 334 504 laudibus
357 438 489 519 Spiritus
506 435 618 496 Sattcli.
634 436 676 494 lie
688 434 776 495 laude
793 433 916 495 medita·
1012 436 1240 499 oenomaus
1263 436 1426 507 noturus,
1440 448 1554 512 supra,
1578 435 1682 496 [iosi-

193 538 293 599 tionis.
971 531 1043 592 TUS
1059 532 1211 591 lionaeus.

231 625 407 690 Bernartius
426 622 554 685 11041145
569 667 576 697 ,
592 623 808 698 Provincialis‚
827 622 917 683 disci·
1009 625 1160 685 Martinus
1171 625 1343 698 noscitis
1354 625 1403 682 vir
1419 620 1574 682 madidus
1585 626 1683 682 eteru-

190 725 281 806 pulus
295 721 427 794 Azouis,
447 719 543 779 lCtus
569 718 649 787 circa
670 717 791 776 Annum
825 717 913 777 4250.
970 717 1073 791 ditus,
1096 720 1264 796 Theologus
1285 716 1507 787 Lemniensis,
1526 731 1618 791 quem
1636 714 1683 774 An.

191 820 245 895 qui
263 817 394 892 denique
410 817 480 891 post
495 810 610 870 editum
626 805 916 887 scriptumdelibel
970 813 1048 872 4525
1071 814 1099 871 44
1118 813 1190 872 llore
1217 814 1327 872 aetatis
1355 809 1540 870 defunctum
1572 807 1685 885 pulchro

188 911 286 970 lorum
302 911 332 968 iu
346 907 472 968 iudiciis
490 904 711 965 offerendorum
730 903 915 983 conceptione
968 906 1248 984 ornavitepitaphio
1262 907 1288 979 a)
1301 906 1451 965 Erasmus
1463 947 1471 977 ,
1485 907 1594 961 contra
1604 918 1684 978 quem

189 1021 298 1063 nomen
317 1002 474 1080 protessus
490 1005 538 1058 est
556 1015 647 1058 suum
660 1001 738 1057 inter
755 997 915 1058 Monachus
967 997 1024 1059 Au.
1039 1000 1116 1059 4545
1132 999 1220 1059 binas
1235 998 1392 1076 Epistulas
1410 995 1581 1074 impulsore
1598 996 1684 1067 14444,

188 1097 311 1158 Ordinis
328 1097 486 1156 itinerum.
506 1092 579 1152 Vide
593 1092 792 1151 Pancirollum
810 1093 846 1151 11.
864 1091 912 1150 36.
968 1090 1448 1168 siveJoannentensi,Ti1eotogo
1463 1090 1685 1159 Lovaniensi‚bl

231 1189 357 1248 Thomas
390 1185 633 1259 5055155110,
667 1185 913 1262 ilemmingensis
968 1189 1130 1264 scripserat
1156 1187 1285 1263 Dorpius
1315 1190 1346 1243 et
1372 1184 1552 1242 encomium
1587 1184 1686 1242 monae

187 1285 328 1356 Saevus,
345 1284 540 1340 lieeretorum
556 1280 726 1354 artiumque
745 1278 911 1337 liberalium
967 1280 1022 1357 ipsi
1039 1285 1173 1339 verterat
1186 1280 1270 1349 vitio,
1286 1279 1312 1352 c)
1330 1285 1424 1354 atque
1440 1282 1475 1336 444
1492 1274 1616 1336 laudem
1631 1277 1685 1335 sire

187 1380 296 1437 Ductor
309 1382 340 1434 et
358 1374 542 1435 Consulatus
558 1371 709 1448 Spirensis
722 1369 911 1444 advocatus,
966 1373 1130 1451 apologiam
1148 1373 1317 1450 Sapientiae
1334 1376 1521 1448 reponeret,
1546 1377 1613 1429 erat
1627 1369 1688 1438 hor:

187 1471 357 1547 composuit
375 1467 504 1526 indicem
523 1468 553 1523 in
572 1465 663 1524 libros
691 1470 807 1540 septem
825 1463 910 1523 Com-
965 1473 1058 1526 tatus.
1082 1465 1285 1544 Reprehendis
1309 1467 1428 1539 etiam,
1457 1462 1543 1540 quod
1579 1465 1684 1524 sevon

184 1562 289 1644 perstiti
307 1559 496 1638 Ylteoloprcae
512 1557 672 1632 veritatis,
690 1559 716 1632 a)
741 1572 817 1633 quos
840 1573 910 1615 cum
965 1559 1231 1632 Testamentumdi
1242 1560 1390 1618 Erasmus
1400 1556 1523 1616 Graece
1538 1555 1683 1616 edendum

186 1658 236 1717 illo
252 1655 383 1734 praelixa
401 1653 495 1712 habeo
512 1652 610 1710 editos
626 1667 691 1709 sine
702 1651 843 1709 Auctoris
861 1666 913 1708 no·
967 1670 1105 1729 novaque
1124 1653 1261 1711 versione
1286 1648 1464 1709 donandum
1481 1651 1513 1706 in
1540 1665 1575 1709 se
1591 1665 1682 1709 susce

190 1751 272 1808 mino
286 1755 318 1806 et
332 1750 397 1805 siue
413 1746 469 1805 loci
487 1751 558 1804 nota
575 1745 631 1804 544.
650 1742 737 1805 4473.
749 1743 798 1802 441.
812 1742 912 1820 Atque
967 1749 1081 1825 pisset:
1100 1745 1156 1804 sed
1184 1751 1288 1823 postea
1309 1742 1438 1803 edoctus
1456 1743 1584 1803 meliora
1600 1787 1608 1814 ,
1627 1751 1683 1803 eta

188 1840 257 1900 inde
274 1846 322 1899 ost
339 1838 419 1916 quod
441 1836 661 1915 Compendium
688 1838 807 1914 ipsum,
834 1838 913 1895 inter
966 1840 1081 1899 Thomu
1096 1840 1175 1898 Mero
1192 1838 1217 1912 4.)
1235 1843 1267 1896 et
1286 1837 1324 1898 ab
1342 1838 1408 1914 ipso
1427 1837 1563 1897 Erasmo
1580 1839 1599 1912 4)
1624 1855 1681 1916 per·

190 1934 366 2011 praecipuos
394 1931 444 1990 illa
474 1936 574 1991 aetate
602 1930 693 1989 libros
718 1929 912 2006 Theologioos
966 1949 1076 1993 suasus
1091 1975 1098 2006 ‚
1115 1933 1215 1990 omnia
1232 1928 1289 1989 alia
1305 1932 1419 1989 sentire
1435 1948 1471 1990 se
1490 1937 1617 1992 testatus
1638 1936 1681 1990 est

189 2027 296 2086 merito
312 2025 556 2098 aestimandum,
574 2024 768 2101 Doruibcrgio
794 2023 844 2082 alii
860 2023 913 2081 tri·
966 2030 996 2087 iu
1013 2026 1154 2086 Oratione
1171 2024 1227 2083 544.
1254 2021 1333 2084 4547
1357 2022 1461 2082 habita
1479 2031 1553 2084 ante
1579 2025 1682 2103 praele

188 2119 339 2185 buerunt,
362 2125 480 2196 praeter
508 2135 572 2176 rem
603 2120 668 2176 sine
703 2116 813 2191 dubio,
841 2131 912 2176 cum
966 2122 1082 2180 cilones
1095 2117 1299 2196 Epistularum
1317 2115 1378 2175 divi
1396 2117 1494 2195 Pauli,
1508 2125 1542 2178 et
1559 2120 1680 2179 Basileae

192 2213 280 2289 longe
301 2213 503 2287 antiquiorem
530 2216 685 2270 auctorem
703 2209 829 2283 haheat,
847 2210 913 2269 sive
968 2213 1045 2274 4520
1065 2214 1093 2269 in
1114 2212 1131 2269 4
1160 2210 1262 2283 edita,
1292 2211 1321 2268 in
1350 2227 1409 2287 qun
1427 2227 1498 2289 pag.
1515 2213 1564 2271 30.
1578 2212 1681 2291 Aqui,

190 2303 345 2366 libertum
359 2306 516 2382 lllopnum,
533 2305 561 2361 in
579 2301 668 2378 cujus
685 2303 826 2380 operibus
841 2302 914 2380 legi·
967 2304 1081 2384 inquiet
1094 2302 1206 2382 aliquis
1217 2301 1298 2377 milri,
1310 2308 1343 2362 tu
1354 2320 1413 2362 444
1429 2304 1680 2385 matutinalique

187 2408 238 2460 tur
255 2406 328 2458 tom.
348 2398 428 2457 Xlll.
448 2398 497 2455 vel
518 2397 782 2469 Booaoenturam,
797 2412 866 2455 nam
882 2402 913 2454 et
967 2398 1037 2459 olim
1059 2397 1089 2457 in
1103 2394 1238 2475 Epistola
1255 2395 1389 2476 qmdam
1407 2396 1619 2459 eruditissimo
1634 2399 1682 2456 lie

186 2495 265 2551 inter
281 2493 347 2549 eius
361 2490 459 2565 Opera
477 2490 505 2546 in
531 2488 695 2566 appendice
721 2490 794 2547 tomi
814 2489 912 2548 octavi
967 2491 1046 2552 mino
1060 2491 1190 2549 Erasmo
1204 2488 1400 2549 lloterodamo
1413 2491 1680 2572 scripseritque

186 2585 331 2643 occurrit:
349 2579 610 2658 velAEpt'diumde
625 2578 794 2655 Columna,
808 2582 913 2641 noma-
967 2583 1069 2646 sedulo
1085 2582 1170 2642 445444
1184 2581 1281 2662 fueris
1300 2580 1431 2642 alteram
1448 2584 1679 2645 renuntianda

187 2693 260 2735 num
270 2721 279 2751 ,
296 2674 344 2733 vel
362 2675 462 2752 potius
474 2675 657 2737 HUGONEM
670 2676 697 2749 5)
709 2673 896 2752 Argentineu
967 2678 1091 2760 sensura
1104 2678 1121 2735 4
1135 2675 1258 2738 Memini
1262 2674 1366 2754 probe,
1379 2675 1433 2736 sed
1444 2694 1482 2737 rte
1494 2676 1597 2760 loripes
1611 2677 1678 2756 logos

187 2786 266 2843 44444,
284 2767 406 2827 Ordinis
421 2767 663 2828 Praedicatorum
674 2814 682 2840 ,
694 2771 774 2827 circa
788 2767 912 2827 Annum
967 2771 1070 2849 lepos,
1087 2787 1160 2830 tteoe
1172 2787 1218 2829 mc
1233 2775 1352 2829 44445444
1366 2768 1424 2829 itte
1441 2777 1500 2831 aut
1515 2771 1598 2848 illuc,
1612 2790 1677 2852 pau

187 2862 243 2925 tat
248 2862 275 2921 0.
287 2861 325 2921 de
341 2878 401 2938 quo
415 2861 500 2932 inira,
512 2878 567 2922 suo
581 2863 655 2921 loeo.
666 2863 823 2921 Praeterea
843 2860 914 2919 Dor·
967 2864 1011 2924 cis
1027 2867 1149 2922 secanio
1164 2862 1357 2941 suffrapiom,
1372 2866 1437 2922 tum
1449 2863 1498 2925 sic
1509 2864 1676 2938 4444445444,

186 2955 341 3032 nibergius
357 2953 407 3014 hic
425 2955 454 3012 in
469 2955 567 3014 lucem
584 2954 667 3013 dedit
689 2949 847 3024 areolam,
870 2967 913 3010 coc
967 2974 1045 3016 nunc
1061 2953 1137 3015 4444444
1166 2955 1274 3015 nutius.
1296 2957 1375 3015 Nom
1402 2957 1460 3036 qui
1481 2959 1574 3036 potui
1600 2958 1677 3019 aliter

186 3046 379 3109 suavissimis
396 3044 624 3125 salutiferisque
638 3042 768 3123 portior
787 3041 915 3121 ploriost'
966 3066 1056 3129 qttom
1076 3048 1268 3108 didiceram?
1284 3067 1392 3109 44444444
1409 3050 1597 3131 simulatque
1611 3057 1677 3113 oete·

189 3141 380 3223 Cottsesaoris
402 3141 436 3199 B.
465 3137 659 3218 Hieronymi,
686 3139 797 3197 Romae
823 3135 911 3198 4472.
965 3160 1015 3203 res
1036 3139 1190 3220 Theolopos
1206 3143 1385 3203 accuratius
1403 3142 1502 3204 detrun
1523 3145 1674 3224 percurri,

188 3234 471 3298 pituitariam
497 3232 554 3293 An.
575 3231 663 3292 4479.
692 3247 751 3308 quo
776 3236 911 3307 tempore
966 3242 996 3297 et
1018 3253 1055 3296 eo
1080 3235 1150 3295 item
1177 3234 1253 3314 iept,
1271 3253 1353 3315 qttae
1376 3236 1551 3299 doctissimi
1579 3239 1675 3320 quique

184 3332 353 3409 lloguntiae
377 3344 523 3406 praesens
542 3326 678 3385 interluit
706 3325 910 3400 inquisitioni,
966 3328 1056 3408 liujus
1080 3328 1261 3406 tempestatis
1287 3329 1496 3409 scripserunt,
1525 3333 1675 3413 4444444444

189 3439 249 3501 quo
267 3422 295 3481 id
311 3428 414 3482 actum
431 3419 572 3478 omnibus
590 3417 724 3488 viribuS,
743 3421 789 3476 444-
801 3415 839 3477 ad
861 3431 912 3493 po—
966 3421 1049 3500 loupe
1076 3421 1300 3481 eruditissimus
1327 3423 1378 3482 vir
1412 3423 1544 3487 iiomar.
1566 3428 1674 3498 nomi.

187 3513 331 3575 linodiam
349 3517 374 3586 c]
390 3512 562 3588 adigeretur
572 3509 725 3577 lohannes
744 3509 911 3583 Wcssclutq
960 3519 1142 3595 perpetuum
1158 3531 1236 3574 suae
1253 3514 1432 3575 Britamrtae
1453 3516 1558 3596 decus,
1573 3521 1605 3580 in
1618 3519 1677 3598 Epi

186 3607 414 3681 Groningensis
964 3607 1041 3668 stolo
1056 3607 1189 3686 quadam
1201 3606 1244 3666 od
1257 3624 1303 3667 me
1319 3624 1397 3682 suo,
1416 3612 1560 3673 continuo
1576 3610 1679 3674 noun

202 3695 347 3759 4444445444
363 3696 544 3769 DOllNlCK,
560 3711 654 3773 supra
672 3710 737 3773 pag.
759 3698 827 3773 459,
845 3713 908 3774 seq.
965 3699 1156 3775 smtennam,
1173 3716 1269 3780 oeque
1287 3698 1444 3777 dubitem,
1466 3706 1545 3784 quin
1562 3711 1679 3766 mutate

203 3934 206 3938 ,
223 3894 250 3954 a)
260 3893 297 3943 alt
308 3893 357 3945 hoc
366 3892 495 3944 diversum
506 3894 822 3960 planeestcompanaium
837 3900 915 3950 Tiso·
1006 3901 1031 3961 a)
1048 3904 1137 3950 Exstat
1146 3901 1213 3962 apud
1225 3904 1374 3952 sweertium
1383 3914 1443 3964 pag.
1452 3903 1512 3954 528.
1523 3907 1615 3957 Athea.
1625 3906 1680 3967 14η.

179 3969 269 4032 topice
286 3967 358 4017 libris
374 3968 474 4019 duobus
490 3969 522 4019 ad
541 3970 913 4034 statunatunaturaquae
959 3984 985 4027 44
1000 3983 1027 4026 44
1043 3976 1133 4039 elogiis
1150 3977 1259 4038 Belgicis
1276 3980 1362 4026 4414444
1373 3989 1432 4038 pag.
1449 3978 1493 4028 so.

180 4049 262 4094 eistat
279 4044 482 4093 4454450545
492 4049 627 4106 aquinatis
640 4051 760 4109 opuscula
772 4054 833 4097 tom.
849 4052 913 4096 xvii
1004 4052 1032 4111 5)
1050 4056 1185 4100 itermann.
1198 4053 1231 4100 ali
1248 4052 1327 4101 nardi
1343 4053 1451 4104 historin
1465 4051 1594 4107 litteraria
1604 4055 1679 4107 aeia·

175 4121 294 4180 Operum.
305 4118 398 4167 Conlcr
414 4118 537 4169 iacobum
554 4121 644 4180 Quetil
656 4130 708 4171 tom
733 4121 787 4172 lde
799 4127 913 4186 seripto·
959 4128 1078 4176 matianis
1095 4138 1152 4187 pag.
1169 4126 1210 4174 75.

177 4193 248 4242 ribus
275 4195 450 4241 nominteaais
479 4207 535 4255 pag.
563 4195 610 4244 552
630 4203 653 4244 et
673 4196 729 4245 470.
760 4210 813 4259 seq.
838 4201 912 4250 aliud
1005 4201 1029 4258 c)
1049 4201 1175 4249 iohannes
1193 4200 1304 4250 Clericus
1322 4202 1349 4250 ln
1365 4202 1466 4253 44444441
1479 4207 1534 4255 rita
1545 4206 1682 4256 44444454·

176 4267 361 4330 compendium
373 4267 669 4328 'theologicumdirisum
681 4274 707 4320 in
718 4275 802 4332 capita
808 4274 910 4322 xciiii.
956 4274 1099 4324 5144454444
1115 4275 1223 4324 selectae
1238 4287 1263 4337 p.
1283 4275 1340 4325 210.
1357 4278 1523 4327 itomanam
1535 4280 1569 4329 ab
1580 4283 1681 4341 mitta

177 4342 207 4391 de
223 4355 274 4405 quo
292 4346 319 4390 5.
345 4342 462 4392 Nicotaus
491 4345 662 4405 Staphorstius
680 4352 766 4394 noster
793 4352 854 4395 tom.
878 4351 910 4395 444
955 4349 997 4398 20.
1016 4362 1068 4409 seq.

177 4420 304 4467 ilistoriae
330 4416 528 4468 Ecclesiasticus
554 4419 752 4481 numburgensis
777 4434 835 4482 pag.
852 4422 909 4473 257.
1000 4422 1027 4485 d)
1045 4421 1106 4472 vide
1123 4423 1278 4474 nichasium
1303 4427 1432 4476 Simonem
1454 4432 1521 4477 torn.
1536 4430 1553 4477 2
1569 4431 1683 4479 4444444444

175 4491 249 4541 Aliud
259 4493 391 4555 capitibus
402 4499 523 4543 constans
535 4495 653 4543 ccxxii.
664 4496 698 4544 441.
710 4507 766 4557 pag.
777 4496 824 4544 555
835 4496 909 4547 Aliud
955 4497 1066 4549 Celticae
1091 4500 1153 4547 44444
1171 4501 1326 4551 testamenti
1343 4511 1402 4561 pag.
1418 4500 1461 4549 80.
1478 4515 1534 4565 seq.
1551 4510 1577 4553 et
1600 4498 1680 4553 toni

174 4567 298 4616 excitetis
326 4570 444 4616 veterum
472 4571 592 4625 Petrum,
621 4568 739 4629 partibus
765 4569 909 4620 absolutum
953 4571 1125 4622 Bibliothecae
1142 4572 1251 4623 selectae
1267 4587 1291 4636 p.
1309 4574 1349 4623 88.
1367 4586 1422 4636 srq.

174 4643 287 4702 quinque
306 4643 342 4691 td.
354 4655 411 4703 pag.
431 4642 488 4691 420.
505 4644 578 4693 atiud
589 4642 781 4703 deniqneiibrts
798 4652 907 4706 quatuor
1000 4645 1025 4705 e)
1043 4647 1151 4696 45444444
1170 4650 1254 4698 iterus
1270 4649 1382 4711 epistota
1398 4653 1471 4711 gravi
1492 4658 1520 4702 et
1534 4652 1681 4715 dignaleeta

179 4712 327 4775 digestum,
343 4715 375 4765 de
393 4729 444 4777 quo
463 4718 530 4766 idern
549 4729 606 4779 pag.
625 4718 681 4767 571.
699 4730 752 4780 seq.
953 4720 1113 4782 elegantique
1129 4723 1161 4771 ad
1180 4726 1303 4786 iiorpium
1318 4723 1377 4773 data
1395 4729 1488 4788 Brugis
1509 4733 1538 4777 Α.
1556 4727 1619 4776 4515
1631 4739 1680 4791 pag.

136 4816 141 4823 -
223 4787 251 4848 5)
280 4789 398 4838 iliricum
427 4793 637 4853 argentinensem
663 4793 707 4841 alii
727 4806 772 4855 per
795 4807 908 4846 errorem
952 4794 1007 4844 284.
1025 4808 1078 4857 seq.
1096 4800 1213 4859 operum.

177 4870 336 4924 nuncupant.
999 4869 1027 4931 l)
1044 4873 1139 4923 44444444
1155 4873 1247 4936 tegitur
1263 4877 1423 4937 antwerpiae
1440 4875 1513 4928 issi.
1526 4876 1550 4927 4.
1568 4885 1643 4941 atque
1658 4881 1680 4925 ta

224 4935 249 4994 e)
265 4937 327 4987 vide
344 4940 374 4988 ii.
391 4939 531 4990 Christiani
550 4942 672 4993 iohannis
690 4943 811 4993 volumen
830 4947 850 4992 1.
867 4954 908 4993 re·
954 4943 1048 4996 14444444
1067 4950 1204 4998 tiermannt
1221 4950 1255 4998 alt
1271 4951 1350 5001 4444444
1376 4951 1486 5001 historia
1504 4953 1628 5006 litteraria
1643 4956 1682 5001 le·

176 5019 233 5056 rum
257 5013 462 5069 moguntinamm
476 5027 533 5076 pag.
554 5016 607 5066 too.
624 5030 677 5078 seq.
953 5017 1112 5072 formationis
1132 5036 1191 5087 pag.
1209 5023 1250 5074 70.
1265 5024 1307 5075 87.
