3458 5332
154 306 194 371 hd
749 301 1050 368 Auuntt'ttts

157 429 210 488 per
238 414 384 474 ioannem
405 410 657 473 Sensenschmid:
681 417 745 472 tuor
766 414 875 475 Romae
930 422 1141 487 nunnunquam
1162 406 1354 470 parenthesis
1379 411 1526 487 occupant
1545 402 1665 490 lucum

157 504 235 565 mre·
251 506 298 565 tot.
313 523 367 584 per
384 506 553 567 Cdalricam
563 504 728 581 Callum,et
744 506 876 569 Basileus
931 499 1204 564 intermediauimus
1228 518 1321 582 quam
1345 501 1520 565 rectissime.
1548 504 1592 564 lit
1615 505 1667 568 his

155 599 233 659 tuus
249 614 304 677 per
317 599 464 659 ioannem
485 596 725 661 Amerbachium.
743 598 876 661 indicem
926 592 1060 674 primm
1075 594 1174 655 uusiri
1187 594 1318 655 instituti
1330 591 1518 657 absolvimus
1527 602 1662 677 partem.

156 691 355 768 Scriptorum,
372 691 516 768 equibus
536 707 613 770 opus
629 706 719 753 suum
739 692 873 770 collegit,
931 685 1096 747 Numnunc
1109 686 1271 748 secundam
1285 686 1384 751 nostri
1396 686 1515 752 Cadicr's
1528 694 1666 768 parterm

154 783 192 842 ab
209 785 272 863 ipso
287 788 408 845 auctore
425 783 463 844 ad
478 785 592 845 calcem
603 783 667 844 libri
682 783 876 864 descriptum,
930 794 1008 859 puae
1024 777 1309 842 exauctoritutihus
1322 785 1440 843 mnstut
1464 786 1494 842 et
1516 783 1666 845 arationi-
1685 861 1690 869 .

152 873 423 954 Juvacapponore,
449 892 521 936 cum
548 877 709 955 singularia
729 878 877 955 quaedam
930 868 1335 948 rtlhut,t‘umediumu⁰curs
1350 876 1667 957 ueomtssstds'tpui-

153 969 370 1043 contineat,'et
386 970 449 1030 loca
465 967 762 1045 quosdamveterum
780 970 880 1049 Scrip
930 962 1321 1044 demparsauctarrtahsm,
1332 983 1412 1046 quaa
1428 964 1487 1028 duo
1504 964 1542 1029 de
1553 967 1665 1048 vipirui

78 1118 88 1137 ,
153 1066 253 1121 torum
270 1060 459 1123 emendatius
473 1061 624 1122 interdum
645 1061 674 1120 in
691 1050 748 1122 h'uc
764 1076 880 1141 marga-
932 1062 1072 1119 mutares
1081 1074 1161 1138 prae
1169 1056 1271 1139 soseri
1279 1056 1503 1137 cenomanos,
1514 1058 1569 1121 hac
1579 1061 1668 1122 moda

153 1152 210 1214 rita
225 1154 411 1227 referantur,
427 1161 461 1214 ut
471 1154 635 1218 contulisse
646 1156 686 1213 sit
695 1154 877 1233 quandoque
935 1147 966 1209 iu
975 1154 1111 1211 sutirum
1119 1150 1294 1231 prorumpit
1303 1150 1504 1231 pahrestram.
1519 1154 1600 1215 Nam
1611 1154 1669 1216 im-

152 1248 286 1322 pretium
302 1262 419 1324 operae.
887 1294 893 1304 .
929 1242 1040 1322 prinis
1055 1248 1127 1306 sunt
1142 1246 1231 1305 Marci
1249 1244 1336 1305 Tullii
1348 1245 1502 1307 Ciceronis
1517 1263 1562 1307 aa
1577 1246 1668 1311 libris

192 1340 272 1399 Pars
282 1337 389 1398 etenim
398 1343 713 1419 puaeprumeptorum
724 1343 781 1416 est,
792 1340 879 1419 quin-
932 1334 1096 1418 officiorum
1108 1328 1322 1398 auctoritates:
1340 1335 1488 1417 Ejusdem
1501 1338 1537 1399 de
1553 1338 1670 1401 Amici·

151 1428 296 1510 puaqinta
311 1429 479 1492 rhetoricae
489 1433 567 1493 artis
578 1446 699 1511 praese
713 1430 776 1513 sert
789 1430 879 1492 docn-
933 1428 991 1502 tia,
1007 1427 1044 1488 de
1070 1430 1238 1506 Semnum,
1255 1428 1291 1490 de
1308 1428 1498 1506 Paraduaers,
1515 1430 1552 1493 de
1568 1450 1664 1512 puae-

151 1526 250 1583 menta
266 1520 469 1596 limatissima,
484 1542 561 1604 puae
577 1542 621 1585 eas
635 1522 876 1586 clarissimorum
932 1519 1079 1584 sitonihus
1110 1520 1301 1598 Tusculanis,
1319 1523 1357 1584 de
1374 1526 1471 1584 veteri
1486 1525 1667 1602 Rhetorica,

151 1620 306 1677 oraturum
325 1617 481 1696 Gasparini
506 1620 627 1679 Barsicii
650 1618 875 1696 Perpamensis,
932 1612 1011 1675 etde
1026 1629 1118 1674 nara:
1132 1614 1220 1673 Etde
1233 1612 1320 1676 tibris
1345 1615 1515 1676 orationum
1526 1616 1670 1697 merlam.

151 1716 182 1769 et
198 1709 343 1789 Stephani
359 1712 447 1772 Plisci
464 1710 653 1773 Sancinensis
666 1709 753 1771 libris
765 1710 878 1792 recepi-
931 1704 1043 1766 Deinde
1054 1705 1256 1791 ¹auctoritates
1285 1711 1437 1770 Lactantii
1463 1711 1605 1772 Firmiani
1626 1730 1673 1773 ar

151 1817 220 1863 mus
232 1801 462 1865 accommodata
478 1803 514 1864 ln
527 1801 637 1884 quihus
650 1804 876 1866 demonstratur
931 1815 1036 1860 mrem
1063 1797 1150 1860 libris
1176 1798 1352 1862 diuinarum
1378 1801 1611 1880 institutionum,
1634 1805 1667 1864 in

151 1910 214 1973 pua
224 1893 340 1956 ratione
350 1893 477 1971 litteras,
487 1914 548 1976 qua
559 1895 705 1977 spdahas,
716 1897 877 1978 quaetiam
930 1889 1040 1971 quiden
1053 1890 1125 1972 plus
1142 1893 1230 1954 solita
1243 1900 1273 1955 et
1282 1893 1416 1974 profecta
1438 1900 1566 1974 praeter
1581 1913 1667 1975 spent

151 1986 293 2049 dictiones
313 1989 344 2048 in
364 1990 498 2050 oratione
517 1988 680 2052 ohservare
701 1989 874 2068 debeamus,
927 1982 1067 2062 fimbrias
1083 1983 1220 2062 filatum,
1238 1992 1273 2047 ut
1288 1992 1378 2062 esset,
1397 1987 1429 2048 iu
1444 2004 1502 2067 pua
1520 1986 1567 2048 hio
1584 1986 1665 2049 liber·

151 2085 181 2138 el
192 2098 254 2160 qua
267 2080 392 2163 denique
401 2082 518 2144 ratione
528 2082 676 2165 neyliqere
687 2102 874 2159 promimur,
930 2080 961 2135 ei
970 2075 1665 2161 TheoluyidelPht'lusopht‘dsuppellt'idrepddsel.

149 2173 567 2253 punitemordineornatam,
580 2177 766 2253 concinatam,
781 2177 876 2256 spten-
930 2169 1059 2249 Insuper
1075 2173 1212 2233 Macrobii
1229 2190 1321 2251 super
1336 2173 1485 2234 somnium
1501 2172 1663 2256 Scipiones,
1715 2239 1718 2243 ,

149 2266 249 2328 didam
258 2286 295 2328 ac
308 2275 496 2330 resonantem
509 2274 682 2345 conuenere,
694 2270 875 2332 necessariis
930 2267 960 2321 ei
969 2261 1007 2323 de
1021 2261 1107 2325 libris
1117 2264 1327 2327 Saturnalium
1337 2265 1476 2344 ejusdem.
1491 2267 1567 2327 Item
1580 2269 1664 2328 Lucii

149 2360 430 2440 amplificationum
440 2367 657 2440 emaqperntam
664 2362 875 2442 arationemns-
930 2355 1049 2435 Apuleji
1064 2357 1101 2419 de
1114 2359 1236 2436 Mansa,
1251 2356 1286 2418 de
1300 2357 1392 2419 Asino
1402 2376 1511 2435 aurea,
1523 2358 1560 2420 de
1574 2358 1665 2421 lihris

146 2448 237 2527 ficere
256 2450 421 2513 ualeamus.
447 2455 531 2528 (inas
552 2450 686 2534 profecto
706 2454 878 2516 adornandi
926 2447 1121 2526 floridorum,
1133 2450 1238 2512 dena
1255 2451 1406 2527 Sacratm
1418 2449 1579 2512 dena-tura
1588 2455 1666 2513 Dea-

148 2544 212 2605 stili
235 2545 384 2620 rationes,
401 2563 439 2607 ac
465 2544 706 2624 multiplicandae
729 2549 875 2609 orationis
929 2559 1012 2617 runs,
1026 2543 1062 2604 de
1080 2544 1214 2623 deputate
1232 2544 1382 2616 Platonis,
1394 2551 1424 2606 et
1438 2545 1474 2606 de
1488 2544 1664 2607 habitudine

147 2635 795 2718 inunctionesperomnesactaprammaticae
805 2659 875 2701 ara-
929 2635 1040 2696 mundi.
1058 2638 1132 2698 Item
1146 2640 1226 2700 Pauli
1238 2640 1334 2700 Orosii
1348 2637 1386 2699 de
1397 2641 1546 2700 ormesta.
1557 2641 1664 2701 Victu-

147 2727 236 2789 tinm's
245 2735 370 2810 paras,
388 2736 479 2811 napae
492 2748 551 2811 per
566 2731 703 2812 ipsarum
717 2751 829 2814 quaem
846 2742 876 2795 es
928 2728 984 2786 rini
1001 2729 1039 2790 dc
1055 2730 1272 2793 Architectura.
1300 2732 1404 2802 Quinti
1421 2732 1516 2794 Curtii
1533 2734 1601 2795 uun
1622 2733 1661 2795 de

146 2822 260 2899 species
268 2822 503 2902 partianlariter
513 2827 770 2903 pertractavimus
785 2832 814 2888 et
830 2828 875 2888 in-
924 2821 1017 2898 psstis
1032 2820 1213 2885 Alexandri.
1232 2825 1302 2885 tulii
1321 2825 1399 2886 Celsi
1417 2824 1453 2885 de
1470 2825 1564 2904 pestis
1583 2827 1663 2889 Cae-

145 2913 324 2993 scripsimus
339 2914 502 2994 dilipenter.
521 2918 643 2977 Partem
665 2923 868 2999 autumpnae
922 2914 1012 2976 saris.
1038 2917 1112 2978 Item
1127 2918 1235 2977 Valerii
1255 2919 1375 2977 Maximi
1407 2917 1657 3000 historiopraphi.

145 3003 354 3068 clausularum
366 3013 428 3083 cst,
441 3008 473 3069 in
484 3006 556 3068 hina
563 3010 769 3089 protendimus
782 3030 871 3074 mem-
926 3011 1033 3070 Laertii
1048 3009 1085 3070 de
1097 3008 1168 3071 vitis
1187 3015 1217 3069 et
1240 3007 1376 3071 morihus
1402 3009 1659 3092 Philosophorum.

145 3095 212 3157 hra.
230 3098 366 3160 mimum
381 3100 501 3181 puidam
514 3100 680 3163 membrum
694 3121 736 3164 ea
748 3104 872 3183 praedi-
923 3097 1155 3182 Apophtepmata
1184 3101 1344 3164 Plutarchi.
1381 3100 1472 3164 Liher
1511 3105 1661 3167 remedia-

144 3195 260 3252 ctoram
267 3194 423 3272 Gasparini
440 3201 473 3254 et
488 3195 576 3254 Flisci
590 3194 738 3258 clausulis
754 3196 872 3259 desum-

141 3282 270 3360 psimus,
279 3291 307 3345 et
310 3286 408 3366 juata
418 3286 591 3349 Rhetoricae
602 3288 746 3350 orationis
755 3295 870 3368 partes,

145 3392 223 3453 puae
244 3383 316 3437 sunt
336 3377 527 3455 eradium,
546 3381 712 3456 Narratio,
735 3382 868 3457 Divisio,

147 3467 354 3546 Confirmatio,
372 3469 555 3551 confutatio,
575 3472 731 3535 Conclusio
752 3473 872 3534 ordina-

144 3561 243 3621 vimus
265 3568 472 3639 conprnenter.
488 3562 646 3643 Reliquum
663 3581 735 3625 vero
752 3566 872 3627 clausu-

146 3651 246 3713 larum
262 3651 428 3715 membrum
445 3673 488 3716 aa
512 3655 753 3719 clarissimarum
781 3661 870 3721 hlarci

145 3746 231 3806 Tullii
244 3749 403 3823 Ciceronis,
413 3749 544 3829 ejusdem
554 3751 719 3829 Casperini,
727 3752 870 3814 Leonardi

146 3838 279 3913 hretini,
293 3842 391 3919 Poggii
401 3840 579 3919 Florentini,
590 3842 712 3904 Guarini
727 3846 871 3905 Veronen-

144 3929 207 4006 sis,
224 3932 406 3994 Baithasaris
425 3936 526 3997 Rasini
539 3935 743 4015 praeceptoris
759 3936 868 4016 optimi,

146 4025 293 4084 Pmncisci
313 4025 441 4100 Philelh,
458 4026 580 4087 Antonii
606 4028 804 4103 Panormitae,
821 4031 870 4090 oi-

144 4116 217 4177 eolai
239 4119 360 4192 Perotti,
377 4124 408 4179 et
419 4118 551 4178 alianum
566 4124 670 4181 nostra
686 4126 783 4181 achate
800 4139 869 4181 ora-

144 4209 451 4288 torumepistohrram
462 4209 549 4271 lihris
563 4211 866 4276 accommodavimus:

924 3211 995 3254 rum
1004 3194 1136 3275 pardem
1149 3195 1328 3255 Petrarchae
1338 3193 1487 3256 aduersae
1497 3200 1526 3255 et
1533 3214 1663 3277 prospe-

926 3285 1264 3368 raesortunae.ltemeoe
1272 3285 1661 3368 Terenumsrrnomoeam·

924 3397 1002 3459 pesae
1016 3380 1226 3456 suntAndrta,
1242 3378 1422 3456 Ertnuchus,
1437 3382 1662 3443 Heautontima

925 3490 1079 3550 mmenos,
1096 3472 1236 3553 Adelphi,
1253 3473 1372 3553 ls'cpra,
1389 3479 1419 3534 et
1434 3472 1594 3550 Phormio,
1611 3473 1662 3555 sa·

925 3564 1658 3629 mithreselocutsanes.ltemeaPlautiComoediis

925 3659 1054 3734 usitatis,
1064 3676 1142 3739 pisae
1153 3659 1421 3739 sunthmphitrua,
1433 3658 1591 3735 Asinaria,
1599 3661 1658 3723 dun

924 3754 1048 3830 captivi,
1063 3752 1216 3828 Curculio,
1231 3753 1370 3823 Caesena,
1385 3750 1571 3827 Cistellaria,
1585 3753 1658 3832 Epi-

924 3841 1024 3920 dicus,
1035 3850 1064 3905 et
1071 3844 1248 3917 Aulularia,
1264 3844 1437 3924 sinpnlares
1450 3843 1570 3907 dicendi
1581 3864 1658 3906 conr-

923 3935 1086 4000 moditates.
1103 3937 1144 3998 m
1158 3956 1201 3999 aa
1217 3936 1349 4018 ejusdem
1365 3940 1461 4000 Plauti
1481 3938 1650 4001 Comoediis

923 4029 1074 4091 inusitatis
1104 4037 1135 4091 et
1165 4032 1283 4091 noviter
1308 4033 1448 4111 repertis,
1477 4048 1556 4111 ptrue
1585 4036 1654 4094 sam

922 4123 1116 4198 Mostellaria,
1128 4126 1230 4200 Persa,
1244 4125 1382 4201 hadone,
1395 4124 1532 4199 Stichus,
1548 4127 1654 4186 Trinu-

922 4217 1002 4278 mius
1012 4261 1020 4292 ,
1031 4218 1248 4292 Truculentus,
1263 4218 1347 4278 lililss
1363 4218 1525 4296 gloriosus,
1542 4221 1652 4280 Merca-

144 4300 184 4359 m
194 4317 253 4380 per
271 4299 421 4364 Patricos
437 4302 500 4363 sive
516 4300 617 4363 titulos
641 4305 867 4383 pharaonaeos
922 4315 980 4385 tor,
1008 4310 1192 4387 Pseudulus‚
1210 4310 1376 4385 modius,
1396 4310 1535 4386 Bacchis,
1554 4314 1652 4373 hicne-

143 4412 222 4456 noaa
236 4394 368 4475 quadam
381 4400 411 4455 et
425 4393 576 4456 mhariosa
592 4395 751 4458 arlmalnm
767 4403 870 4462 termi-
921 4402 1046 4478 chmus,
1057 4404 1215 4466 Sermones
1222 4401 1406 4483 lepidissimi.
1419 4405 1491 4464 Item
1501 4421 1545 4465 eoo
1556 4400 1651 4465 trihus

143 4486 282 4550 nummus
308 4487 490 4564 incautione,
517 4487 651 4559 nhisuh
677 4490 810 4554 Biturica
832 4494 869 4556 da
921 4495 1089 4558 Comoediis
1106 4496 1362 4570 entraordinariis,
1378 4514 1456 4576 quac
1470 4502 1541 4557 snm
1556 4496 1651 4558 Philo

146 4578 333 4653 Parenthesi,
352 4596 446 4659 quam
461 4581 561 4642 minus
575 4582 706 4644 ‹touum
723 4585 867 4663 elidimus,
922 4587 1040 4663 duxias,
1052 4588 1159 4651 Falsus
1176 4588 1345 4667 hypocrita,
1357 4589 1537 4667 Philogenia
1554 4585 1654 4667 consa-

145 4670 286 4732 nannulta
312 4671 521 4735 sanandorum
544 4683 704 4755 poctarum
731 4679 869 4741 carmina
922 4678 1087 4741 halationes
1100 4680 1167 4741 risu
1180 4679 1585 4758 dipnissimae.Etpastrerna
1603 4682 1653 4742 Sc

145 4763 266 4841 Virgilii,
277 4766 442 4847 iuvenalia,
455 4770 555 4849 Persii,
566 4772 673 4849 Ovidii,
685 4773 786 4852 Statii,
796 4775 869 4834 Pru-
921 4788 1012 4834 necao
1026 4772 1146 4851 Trnpici
1159 4772 1265 4850 flores,
1277 4772 1332 4853 qui
1345 4772 1421 4833 hartc
1438 4772 1652 4833 auctoritatam

144 4856 251 4934 dentii,
268 4859 376 4920 Valerii
387 4864 543 4941 Marcialio,
554 4867 734 4943 hlaximiani,
749 4867 865 4941 hviani,
916 4869 1038 4946 partem
1048 4863 1201 4943 aptissime
1211 4865 1374 4926 terminant
1392 4872 1482 4947 atqua
1498 4862 1649 4926 claredunt.

144 4953 300 5032 Pamphili,
323 4955 442 5035 'libulli,
468 4960 583 5038 AEsepi,
601 4959 772 5022 stelionum
788 4976 865 5040 pune
960 4956 1159 5021 assensus
1173 4957 1371 5035 Ertpcschulc,
1388 4959 1556 5039 Theologus
1575 4959 1650 5021 Pari—
