3464 5318
706 321 1025 391 ALllElllCUS
1535 311 1573 378 37

72 440 146 497 440444
164 433 309 513 signavim
328 438 358 491 at
375 424 540 509 designatio
555 430 627 491 44000
653 433 794 509 temporis
852 437 903 495 344
923 442 953 493 04
970 434 1034 493 aliis
1051 432 1185 511 pluribus
1200 429 1272 492 locis
1290 429 1326 489 ab
1343 427 1429 488 444400
1448 427 1525 488 4403
1536 426 1574 485 ad

68 530 107 590 ad
125 526 339 602 berengarium
367 526 405 586 dc
429 542 489 601 quo
506 525 565 600 ibi,
582 541 641 584 non
659 541 731 584 vero
756 524 794 585 ad
852 530 928 592 taes
946 516 1035 589 etium
1048 526 1211 587 hibericos.
1229 525 1353 600 Conler,
1364 541 1442 603 quae
1459 524 1575 584 notavit
1597 587 1608 608 .

69 621 245 683 hibericum
262 618 401 695 pertinet.
423 615 563 677 blendum
592 617 646 676 hoc
671 617 793 678 Fabricii
852 621 1019 683 Jacoboslc
1037 618 1574 694 longinllibliothccallistorienrum

68 687 186 773 defexit
196 712 243 770 vir
253 710 290 770 cl.
304 708 525 770 llazzuchellus
540 711 569 773 in
583 728 629 788 op.
646 709 696 771 Gli
707 710 796 771 serit
850 715 960 776 Galliae
978 730 1060 774 num.
1076 712 1154 774 7403
1168 727 1233 789 pag.
1253 711 1310 772 355
1323 728 1385 788 seq.
1397 711 1576 788 Diligentem

70 804 133 864 tori
147 800 285 864 d'ltalla·
303 804 330 877 l,
349 802 395 861 47.
851 812 880 867 in
891 802 1577 885 eclipsibusannotandisobservavitChiiletius

112 898 144 958 S.
164 895 380 957 ALBElllCUS
396 896 473 956 inter
484 897 596 974 primos
612 894 732 958 Ordinis
746 895 796 959 cr.
850 903 888 962 de
905 901 1045 962 Anastasi
1063 895 1221 959 Childcrici
1239 914 1303 974 pag.
1322 897 1370 956 40.
1391 894 1464 956 l'ide
1484 897 1576 955 etiam

69 987 245 1052 4444ΰὶ444444
258 987 444 1062 [0004404434
455 1005 545 1065 (luem
558 990 670 1066 primas
685 989 796 1052 cister-
850 996 1042 1055 lluratorinni
1057 1000 1137 1051 tomo
1147 993 1181 1050 V.
1196 992 1380 1067 Scriptorum
1393 989 1494 1048 ltaliae
1510 1005 1574 1066 pag.
1653 1029 1657 1038 -

69 1085 107 1145 cii
125 1084 357 1156 constitutiones
369 1080 407 1141 ab
421 1079 589 1159 Apostolica
604 1082 676 1142 sede
692 1099 797 1161 appro-
852 1088 918 1149 t37.
931 1087 1067 1147 Labbeus
1081 1088 1109 1145 in
1125 1085 1266 1161 Catalogo
1284 1083 1365 1143 MSS.
1380 1098 1445 1160 pag.
1464 1081 1502 1141 43
1514 1097 1577 1140 mo

70 1178 160 1237 botas
175 1174 211 1236 Α.
224 1175 258 1237 C.
274 1177 346 1237 4404
366 1175 548 1252 publicasse,
564 1182 597 1236 et
609 1174 644 1235 Α.
657 1177 734 1238 4409
745 1175 797 1236 de-
852 1187 903 1239 net
924 1178 979 1238 hoc
995 1178 1123 1238 hiberici
1145 1177 1312 1239 Chronicon
1330 1176 1402 1236 utile
1431 1190 1575 1252 perquam

69 1269 227 1343 iunctum,
241 1273 325 1328 notat
341 1267 467 1328 Carolus
483 1267 520 1328 de
537 1268 628 1328 Visch
644 1270 674 1328 in
691 1269 798 1329 biblio-
852 1271 1101 1351 essedigerendis
1119 1272 1261 1330 nobilium
1275 1269 1386 1328 Galliae
1402 1284 1436 1327 ac
1453 1267 1577 1328 Germa-

69 1359 157 1421 thcca
177 1363 361 1439 Scriptorum
376 1361 636 1434 cisterciensium,
653 1377 719 1438 pag.
739 1361 785 1422 47.
853 1368 919 1426 niae
934 1366 1112 1426 familiarum
1129 1362 1325 1442 genealogicis
1339 1360 1457 1422 tabulis.
1487 1359 1578 1442 Care

109 1451 325 1516 ALBElthUS
343 1450 552 1514 cisterciensis
568 1453 744 1526 Monachus,
759 1452 796 1512 de
852 1455 900 1520 lus
917 1458 953 1518 de
967 1458 1057 1520 Visch
1075 1459 1104 1517 in
1121 1451 1301 1516 Bibliotheca
1318 1452 1437 1513 Ordinis
1467 1453 1578 1515 Cister-

68 1563 131 1624 quo
149 1545 320 1607 ludovicus
330 1545 527 1606 JacobnsaS.
545 1545 650 1606 Carolo
664 1547 693 1604 in
706 1549 798 1624 scrip
851 1553 961 1611 niensis
992 1556 1121 1610 testatur
1153 1547 1280 1608 hiberiei
1311 1543 1402 1623 hujus
1432 1544 1577 1622 poeticam
1610 1610 1618 1623 ,

69 1635 187 1699 teribus
199 1637 446 1698 cabilonensibus
463 1654 527 1715 pag.
544 1639 610 1698 430.
628 1634 701 1699 Vide
723 1639 798 1698 inira
852 1646 965 1705 llStam
982 1649 1085 1703 extare
1097 1638 1175 1718 apud
1192 1639 1401 1698 Dominicanos
1417 1637 1577 1709 Coloniae,

68 1728 231 1791 Albericut
248 1730 340 1791 etum
354 1730 479 1810 [004000
494 1728 665 1791 Monachus.
851 1736 1032 1815 adponitque
1063 1733 1118 1793 hoc
1146 1730 1213 1808 ejus
1235 1731 1365 1789 initium:
1387 1726 1482 1791 aliiue
1513 1727 1578 1789 oiri

109 1811 288 1888 desumet
306 1822 516 1884 lundomensis
531 1824 723 1903 lletheologia
746 1821 797 1903 (pi
852 1832 975 1888 veteres.
1246 1856 1249 1862 ·

64 1910 233 1990 Θεολογὶα)
254 1916 314 1976 ldS.
336 1917 366 1975 in
386 1916 566 1976 bibliotheca
588 1916 799 1982 4404044004·ῦο-
894 1919 1107 1980 ALBElllCUS
1130 1919 1311 1990 4100444004
1328 1916 1477 1978 Comitum
1498 1916 1578 1976 040-

67 2025 124 2076 440,
138 2025 216 2086 quae
234 2010 362 2069 accessit
376 2007 525 2068 Thesauro
542 2006 684 2069 Librurio
695 2008 798 2086 liugu-
853 2014 1001 2072 niensium
1017 2011 1139 2083 lamilia,
1156 2011 1235 2069 circa
1248 2007 1305 2068 dn.
1324 2009 1356 2070 C.
1373 2009 1449 2070 4400
1472 2011 1500 2067 in
1522 2011 1578 2070 Bo-

69 2101 200 2160 stissimi
215 2101 414 2179 imperatoris.
432 2102 504 2162 l'idc
522 2109 553 2163 04
571 2102 658 2175 40440,
671 2102 798 2162 44444444-
852 2105 953 2164 naclea
971 2103 1040 2163 villa
1052 2105 1276 2162 Trenovantum
1288 2101 1417 2161 tribusa
1433 2101 1499 2161 iano
1510 2102 1577 2162 Osi-

69 2193 157 2255 CUS.
851 2197 921 2257 44400
936 2194 1111 2256 milliaribus
1127 2193 1232 2255 dissita
1248 2195 1368 2272 scripsit
1391 2193 1524 2254 libellum
1541 2193 1577 2252 de

108 2284 497 2360 ALBElllCUSdeltosote,
516 2301 570 2346 seu
581 2285 797 2362 4400404400-
850 2305 967 2367 genere,
978 2283 1265 2348 uitoetcoenobiol).
1279 2286 1387 2359 Ostiae,
1398 2301 1489 2362 quem
1499 2285 1577 2345 mul-

65 2373 231 2456 ponens,
258 2379 367 2454 JCtus,
382 2381 433 2458 qui
450 2379 547 2439 medio
567 2379 691 2439 Saeculo
718 2381 795 2440 XIV.
852 2383 891 2442 tis
902 2380 1040 2442 laudibus
1051 2379 1136 2441 effert
1146 2380 1279 2440 loannes
1287 2376 1505 2455 Lelanduscap.
1516 2375 1574 2438 247

67 2474 192 2550 scripsit
202 2478 433 2533 commentarios
444 2475 474 2531 in
485 2471 594 2532 librum
609 2465 729 2534 sextum
740 2473 799 2532 De-
852 2491 890 2534 044
901 2490 995 2550 eoque
1006 2475 1058 2548 nit,
1077 2489 1109 2532 se
1126 2470 1265 2531 didicisse
1279 2470 1386 2530 bonam
1398 2475 1513 2547 partem
1524 2483 1577 2527 an·

67 2566 243 2641 cretalium,
259 2563 680 2627 DictionariumlurisCivilis
694 2569 725 2622 et
741 2563 797 2624 Ca·
852 2567 999 2643 tiquitatis
1025 2564 1247 2625 Ostrosaxonici
1275 2563 1400 2636 littoris,
1424 2577 1460 2620 00
1485 2562 1575 2620 etiam

69 2661 185 2732 nonici,
199 2660 330 2736 aliaque,
343 2675 420 2736 quae
433 2657 515 2736 apud¹
524 2656 721 2716 Trithemium
731 2673 795 2734 cap.
851 2660 1026 2733 Boccaniae,
1035 2674 1097 2734 qua
1108 2657 1196 2717 vallis
1209 2654 1420 2714 AEilleburlana
1431 2651 1575 2712 subsidet.

69 2753 131 2812 608
147 2760 179 2812 04
192 2754 339 2812 loannem
355 2752 536 2812 Gottlridum
554 2751 704 2813 Olearium
722 2752 798 2810 rele·
892 2750 1091 2824 ALBERIUS,
1107 2752 1159 2828 qui
1177 2750 1255 2809 Petri
1275 2747 1457 2825 Neapolitani
1472 2744 1576 2806 4440444-

67 2851 188 2906 runtor.
208 2843 295 2905 Alius
310 2841 468 2905 :ildericus
488 2842 524 2904 de
541 2845 661 2916 4404040,
677 2842 714 2902 de
734 2860 794 2919 quo
851 2845 989 2922 Episcopi
998 2843 1087 2923 iussu
1098 2841 1242 2902 0440οΑ44.
1261 2841 1292 2904 C.
1309 2839 1387 2901 taso
1402 2839 1521 2916 scripsit
1530 2836 1576 2897 vi-

65 2939 145 2999 inira
162 2941 191 2998 in
205 2937 393 2999 ALBRICUS
413 2936 619 2997 londinensis.
851 2944 913 2997 tom
927 2937 958 2997 S.
975 2935 1116 3014 Aspreni,
1135 2937 1199 2995 sive
1219 2931 1407 3010 Asprenatis,
1423 2933 1522 3010 primi,
1538 2937 1573 2991 ut

111 3031 333 3108 *Orroestiones
343 3035 524 3092 statutorum
537 3032 701 3107 impressae
713 3029 797 3090 Comi
851 3024 1578 3110 ajuntNapolitani,temporibushpostalicisEpi-

67 3124 149 3203 apnd
165 3124 372 3186 baldassarem
389 3124 427 3184 de
444 3126 567 3184 Fossato
584 3140 634 3183 an.
654 3121 731 3183 4477
749 3121 796 3181 die
853 3124 946 3200 scopi,
962 3120 1077 3201 [editam
1098 3119 1135 3180 ab
1156 3118 1279 3200 Ugheilo
1299 3124 1379 3176 tomo
1401 3117 1449 3177 Vl.
1475 3116 1576 3176 ltaliae

69 3221 108 3280 45
125 3218 285 3279 Febmarii.
303 3220 515 3278 Dictionarium
531 3218 614 3278 luris
639 3216 746 3277 Civilis
769 3221 800 3273 et
854 3230 955 3274 000400
966 3214 1075 3291 pugili
1087 3206 1575 3271 004440440004004404404.4747404.

66 3311 211 3372 Canonici
224 3311 418 3388 compilatum
431 3327 470 3370 044
487 3311 583 3388 primo
604 3315 635 3369 et
667 3306 801 3367 seeundo
894 3303 1154 3377 ALBllllThh'llS,
1179 3300 1372 3366 Caussidicus
1392 3301 1576 3376 brixiensis,

67 3405 249 3465 Oictionario
264 3420 341 3481 quae
358 3405 518 3482 separatim
546 3403 727 3479 scripserat,
749 3403 803 3460 im-
857 3399 1003 3461 Friderieo
1026 3396 1193 3457 AEnobarbo
1219 3395 1349 3455 Brixiam
1367 3392 1423 3453 440.
1441 3392 1473 3453 C.
1497 3391 1575 3452 4402

67 3514 209 3576 pressum
225 3497 281 3557 luit
297 3497 516 3573 antiquissimis
534 3497 616 3573 typis
630 3494 745 3572 absque
758 3493 801 3552 lo
854 3491 1007 3553 obsidente
1017 3491 1135 3567 scripsit
1148 3488 1256 3548 librum
1270 3485 1305 3546 de
1315 3483 1452 3544 doctrino
1461 3479 1581 3553 0440044444

66 3607 103 3651 00
116 3598 148 3650 et
158 3605 246 3650 anno.
261 3589 344 3650 ldcm
355 3590 567 3649 Dietionarium
581 3586 618 3647 de
632 3582 799 3646 uerborum
853 3589 882 3642 et
896 3581 1021 3658 tacendi,
1036 3580 1129 3660 deque
1141 3576 1304 3640 uirtutibus
1320 3574 1476 3656 dilipendis
1489 3581 1519 3636 et
1532 3574 1578 3636 vi-

68 3688 99 3743 04
112 3699 216 3750 rerwn
229 3681 441 3761 significatione
456 3666 637 3760 impressum
650 3682 798 3741 Bononiae
853 3676 902 3737 tiis
916 3673 1074 3754 (epiciniis.
1090 3671 1199 3733 Prodiit
1213 3672 1390 3731 Daventriac
1407 3669 1493 3737 4400.
1511 3668 1527 3728 4
1545 3674 1576 3727 04

69 3777 143 3838 4484
166 3777 197 3835 in
214 3775 262 3834 iol.
853 3771 967 3847 Lipsiae
995 3767 1081 3828 4494.
1098 3766 1115 3824 4
1143 3766 1275 3825 Meminit
1289 3770 1320 3823 et
1334 3763 1398 3823 libri
1413 3780 1431 3822 a
1448 3779 1481 3821 sc
1498 3777 1579 3820 com·
1659 3834 1664 3843 Ι

108 3866 338 3942 ALBElilCUS,
347 3866 511 3930 4400004400
522 3869 694 3928 monasterii
707 3865 800 3925 trium
852 3863 938 3940 positi
950 3859 985 3919 de
994 3875 1096 3919 amore
1106 3862 1133 3917 04
1143 3855 1295 3916 dilectione
1305 3855 1378 3915 DEI
1386 3852 1576 3933 alienatusque

66 3959 209 4041 sontium,
228 3958 299 4021 Ord.
317 3961 541 4034 Cisterciensis,
557 3961 586 4018 in
606 3960 732 4020 dioecesi
743 3959 801 4019 Ca·
852 3970 965 4028 remim,
981 3951 1073 4030 deque
1089 3949 1189 4030 formo
1205 3947 1307 4007 uitae.
1496 3940 1506 3956 ‘

68 4053 240 4123 talunensi,
257 4052 336 4129 quod
354 4052 508 4112 conditum
526 4060 574 4112 est
594 4055 673 4113 circa
688 4051 746 4112 lln.
766 4052 800 4112 C.
894 4045 910 4081 *
931 4045 1051 4106 Librum
1069 4043 1106 4102 de
1127 4058 1229 4100 ornere
1251 4045 1279 4099 et
1302 4036 1455 4098 dilectione
1474 4037 1531 4097 Dei
1549 4042 1578 4096 et

70 4144 160 4207 4447.
174 4143 331 4206 hibericos
352 4147 416 4223 ipse
429 4145 528 4205 clarus
547 4147 625 4206 circa
642 4145 699 4206 An.
724 4145 795 4207 4444
835 4143 838 4150 ’
850 4135 990 4216 40000004
1010 4134 1158 4195 scribebat
1178 4133 1360 4194 Alberlanus
1387 4148 1465 4191 0000
1498 4130 1576 4192 4438

71 4239 102 4298 444
125 4255 186 4316 quo
198 4236 449 4315 Chronicouejus
463 4237 587 4309 desinit,
606 4241 751 4317 incipiens
765 4239 803 4298 ab
857 4248 926 4291 cum
949 4246 1068 4289 carcere
1084 4227 1269 4286 detineretur
1294 4227 1458 4286 Cremonae
1484 4223 1581 4282 0444-

70 4332 152 4394 Orbe
169 4331 302 4405 condito,
319 4331 494 4409 editumque
511 4331 674 4392 ab‘illustri
688 4332 804 4391 40444444-
857 4323 954 4383 4404400
967 4323 992 4381 ll
1006 4321 1319 4398 lmperatorcllrixiam
1333 4326 1404 4378 tunc
1415 4314 1577 4376 obsidente.
1602 4317 1606 4322 ’

73 4427 116 4486 440
139 4431 212 4484 40444.
227 4424 250 4483 ll
266 4425 472 4484 accessionum
500 4424 724 4498 historicarum,
738 4426 805 4501 Lip-
856 4418 902 4476 lta
919 4417 1026 4493 legitur
1041 4416 1069 4473 in
1087 4412 1276 4474 adnotatione
1302 4413 1361 4473 llS.
1388 4411 1502 4471 adiecta
1522 4411 1578 4472 Co-

71 4520 135 4580 0400
151 4517 239 4592 4608,
256 4518 281 4576 4.
296 4518 330 4576 444
344 4517 400 4576 hoc
414 4516 577 4591 Chronico,
594 4522 711 4593 praeter
723 4516 805 4593 Sige-
857 4510 913 4569 dici
929 4510 1117 4581 Taurincnsi,
1135 4511 1164 4567 in
1176 4524 1235 4584 quo
1250 4524 1325 4583 opus
1343 4504 1414 4564 illud
1426 4502 1579 4564 4440044004
1628 4535 1632 4542 =

72 4612 195 4672 bertum
209 4607 429 4670 etdnselmum
440 4610 692 4682 Gemblacenses,
707 4610 805 4686 Ilugo
857 4603 973 4680 legitor.
992 4604 1025 4662 ln
1043 4601 1098 4664 alio
1115 4602 1291 4661 Taurincnsi
1305 4598 1413 4658 Codice
1435 4596 1494 4657 762
1515 4612 1579 4657 ser-

75 4721 148 4766 nem
164 4703 202 4764 de
234 4705 264 4764 S.
286 4703 419 4778 Victore,
447 4703 628 4781 Turpinum,
661 4704 804 4763 Ottonem
858 4702 948 4757 vatur
974 4697 1039 4755 eius
1066 4694 1140 4754 liber
1169 4693 1379 4752 consolationis
1393 4697 1425 4750 et
1440 4690 1577 4764 consilii,

72 4800 313 4875 frisingensem,
332 4795 501 4857 Gnidonem
522 4795 559 4856 de
575 4796 732 4872 Basochis,
749 4797 806 4855 lle-
858 4805 949 4865 quem
967 4784 1580 4861 004400004044041004444400.4240444044·

72 4889 244 4963 linandum,
278 4890 462 4951 Guilelmum
488 4879 814 4962 llalmesburiensem,
859 4878 943 4942 sidus
969 4879 1077 4961 aprilis
1094 4885 1121 4940 et
1137 4879 1218 4958 maji.
1234 4880 1405 4940 lt'evizanus
1431 4881 1462 4938 in
1490 4876 1580 4953 sylva
1683 4958 1687 4964 ἢ

76 4982 310 5063 Luitprandum,
342 4989 373 5041 et
398 4982 581 5056 Baldricum,
599 4983 709 5042 citatur
739 4996 804 5060 pag.
860 4978 984 5055 nuptiali
1006 4974 1054 5033 lib.
1070 4974 1093 5031 l'
1105 4989 1169 5050 pag.
1192 4972 1230 5034 92
1255 4971 1325 5034 edit.
1351 4972 1488 5052 Lugduni
1509 4969 1579 5030 anni
