3464 5318
648 376 965 442 nonrnrcus
1417 332 1419 336 ⁸
1485 383 1544 446 aaa

57 493 190 551 0400004
207 485 390 559 cardinalis,
412 483 573 544 defunctas
603 482 660 543 An.
686 486 772 546 4449.
828 485 907 546 dinis
923 488 1069 546 hlinomm
1088 487 1249 559 iratribus,
1271 494 1398 562 quorum
1421 495 1545 549 000400-

56 582 158 645 Budas
176 581 254 641 lunii
272 581 309 637 Χ.
331 575 368 636 ad
386 592 477 653 quern
495 576 573 636 diem
591 577 775 638 consulenda
829 582 888 640 4400
903 578 1126 640 immaculatam
1143 581 1176 639 B.
1199 579 1306 639 4404400
1322 582 1547 658 conceptionem

57 676 135 736 Acta
157 677 355 744 Sanctorum,
372 670 421 730 ubi
440 671 502 728 vita
519 669 585 746 ejus
612 672 776 749 composita
830 672 1058 733 defendentium
1079 673 1217 750 opposuit
1238 670 1389 749 dialogum
1401 670 1548 751 depensa

56 787 72 828 0
94 768 232 827 iohanne
250 764 359 833 Caroli,
375 763 556 822 Florentino.
576 763 702 841 Scripsit
717 764 776 823 Lu·
831 771 858 825 40
887 765 1031 845 nripinoli
1053 771 1082 825 04
1105 764 1208 844 pratia
1224 766 1257 823 44.
1277 761 1424 842 44404040,
1442 770 1546 825 000440

55 859 156 921 culam
171 857 265 917 000440
282 862 387 916 000440
416 855 536 915 Collutii
557 856 685 917 Salutati
698 857 724 932 al
743 857 778 916 li·
831 862 932 919 minus
948 859 1024 919 bene
1042 860 1210 918 sentientes
1222 863 1254 917 et
1271 858 1403 916 minores
1421 860 1450 917 in
1465 857 1547 916 Fide:

56 953 196 1015 brumdo
214 952 376 1011 lurtunaet
393 948 471 1009 lato:
488 947 701 1027 jurisjurandi
718 949 776 1009 ilde
831 969 886 1012 nec
921 969 980 1011 noa
1011 958 1169 1011 tractatum
1192 954 1298 1009 contra
1324 955 1484 1029 prutenos
1514 948 1549 1008 de

55 1053 188 1108 testatas
203 1062 236 1104 se
253 1046 282 1101 in
302 1041 385 1104 nulla
401 1043 527 1101 scientia
547 1043 705 1108 Ductorem
724 1041 777 1101 ba·
826 1050 948 1125 peccato
965 1041 1110 1123 originali
1118 1045 1151 1103 Β.
1167 1042 1298 1121 44404040
1310 1041 1455 1104 doctores.
1468 1043 1549 1104 Scri-

56 1142 167 1202 buisse.
186 1138 342 1198 Lectiones
357 1138 385 1195 in
398 1132 615 1210 Ecclesiasten,
627 1140 659 1196 04
674 1132 777 1195 chcls-
830 1142 892 1219 psit
904 1145 1058 1217 praeterea
1075 1139 1333 1200 commentarium
1345 1136 1376 1194 iu
1386 1134 1551 1197 Salutatio-

57 1233 223 1295 siasticnm
241 1232 278 1290 40
294 1225 490 1306 8004ιο04400
509 1226 656 1288 Matthaei
679 1245 776 1305 usque
828 1248 895 1292 nem
911 1227 1093 1308 Anaeticam.
1112 1229 1216 1306 Eiusd.
1242 1237 1291 1290 est
1315 1226 1482 1306 discipulus
1510 1226 1581 1287 arl'
1623 1280 1626 1285 .

57 1328 94 1388 ad
113 1334 203 1405 caput
220 1327 301 1386 xix.
320 1323 351 1383 in
366 1320 530 1402 440404040ιο
546 1320 588 1381 ad
610 1323 774 1395 4400400044,
829 1322 993 1397 mortales,
1024 1325 1089 1383 sive
1106 1328 1255 1382 tractatus
1272 1337 1364 1399 super
1381 1320 1547 1395 Miserere,
1664 1358 1666 1363 -

58 1428 89 1480 04
103 1417 144 1478 ad
161 1415 337 1480 Corinthios.
353 1414 550 1475 itinerarium
566 1413 728 1477 devotionis
746 1414 776 1472 in
830 1418 940 1478 Psalm.
959 1419 1006 1477 54.
1026 1417 1125 1494 Super
1145 1413 1426 1489 coronationes)
1444 1420 1550 1474 000440

58 1510 192 1572 Psalmos
207 1515 236 1570 et
250 1508 375 1571 Carrtica
388 1506 777 1587 000440040080004440·
834 1508 1030 1569 Franciscnm
1050 1507 1087 1568 de
1106 1506 1243 1586 Empoti‚
1262 1506 1290 1582 b)
1311 1506 1432 1567 Ordinis
1458 1509 1551 1567 Mino-

53 1604 185 1682 pnificat.
205 1599 559 1680 Quadraqesimaliaduo
573 1647 580 1678 ,
595 1616 721 1677 quorum
734 1599 777 1658 al·
831 1622 909 1665 rum.
935 1603 978 1662 De
998 1600 1099 1682 forma
1129 1599 1360 1661 consecrationis
1392 1598 1550 1678 sanquim's

57 1705 121 1757 4040
137 1696 278 1756 versiculi
299 1695 485 1755 Psalmorum
511 1695 563 1755 1x.
591 1695 776 1772 primorum:
834 1695 974 1770 Cllristi,
996 1695 1226 1773 adpetitionem
1256 1691 1381 1770 100054,
1410 1695 1550 1772 Episcopi

58 1790 152 1850 altero
177 1789 298 1866 regulae
321 1788 403 1848 luris
428 1789 459 1846 in
486 1789 559 1848 libro
577 1787 682 1848 ultimo
699 1787 778 1846 sexti
833 1789 1006 1850 Florentini.
1019 1785 1258 1848 De'Snbsioatia
1271 1784 1383 1862 Orbis,
1400 1785 1552 1846 adversus

59 1880 261 1942 Decretalium
277 1881 466 1941 illustrantur
479 1924 486 1955 ,
499 1879 620 1942 laudata
634 1879 672 1940 ab
686 1877 779 1939 huto·
834 1883 1009 1944 Aoerrotm.

57 1978 129 2034 nino
144 1975 313 2033 Florentino
340 1972 407 2052 ejus
434 1972 595 2051 discipulo:
614 1973 641 2047 b)
670 1974 778 2031 Polluta
875 1975 1084 2038 DOMINlGUS
1100 1972 1258 2034 pratensis
1274 1972 1312 2033 de
1340 1973 1406 2034 Vita
1428 1972 1463 2031 B.
1491 1973 1553 2031 Da-

58 2066 95 2125 440
111 2066 175 2125 uita
203 2071 232 2124 et
258 2065 399 2123 mortali.
425 2063 571 2142 44404040,
590 2068 619 2122 04
637 2061 779 2123 4100400440
833 2070 960 2132 magati
974 2051 1163 2132 Confessoris
1179 2066 1289 2145 prodiit
1306 2069 1336 2125 tn
1364 2065 1449 2125 Aeris
1476 2066 1551 2126 san.

61 2156 147 2237 upnd
163 2155 348 2217 Florenrtms
362 2153 392 2216 ei
405 2154 566 2232 dedicatis,
584 2157 611 2230 c)
628 2155 711 2216 libris
732 2156 779 2215 lV.
835 2172 953 2224 erorum
972 2170 1044 2222 tom,
1063 2160 1198 2222 seeundo
1212 2160 1284 2220 tulii
1303 2158 1329 2219 7.
1347 2176 1413 2238 pag.
1429 2157 1497 2219 527.

60 2254 111 2311 ¹08
125 2255 246 2312 Praeter
255 2268 318 2313 rem
332 2256 385 2323 ‚ut
408 2246 674 2310 monetaneum
691 2249 782 2311 4014-
877 2257 1084 2317 000444000
1100 2254 1233 2316 stnorra
1256 2271 1273 2314 e
1299 2254 1463 2328 4400440,
1486 2253 1552 2312 sive

58 2345 166 2423 544004.
182 2345 424 2417 Toscana,immo
436 2343 580 2402 Dominici
595 2340 633 2401 de
647 2342 780 2416 (lorello.)
835 2350 1043 2410 Fabrianensis
1058 2367 1074 2409 e
1092 2351 1200 2408 Piceno
1216 2346 1303 2422 (idem
1315 2347 1366 2423 qui
1379 2346 1491 2424 cangio
1507 2344 1554 2406 Si-

59 2442 219 2498 Sermones
234 2439 335 2498 varios
349 2442 380 2496 et
390 2434 549 2516 Epistolas.
561 2435 733 2494 Tractatum
746 2433 781 2493 cle
835 2459 957 2516 mazza,
975 2445 1121 2503 llovettae
1148 2439 1315 2515 Senarius,
1344 2440 1393 2499 val
1410 2440 1550 2514 Smarra)

63 2531 265 2610 Conceptione.
279 2525 782 2591 LibrumdePossessionibos.Ora-
835 2532 957 2593 Ordinis
974 2533 1215 2594 Praedicatorum
1232 2535 1311 2593 circa
1334 2532 1456 2593 hunum
1475 2531 1553 2593 4344

61 2625 171 2684 tionem
190 2626 219 2682 in
233 2625 336 2685 iuuere
347 2621 489 2683 lodovici
496 2620 597 2681 Boriiti
606 2620 780 2683 cardinalis.
837 2627 927 2706 cujus
945 2627 1017 2688 nihil
1036 2629 1167 2688 retertur
1185 2632 1304 2705 praeter
1333 2628 1494 2688 Sermones
1516 2624 1556 2684 de

56 2720 157 2778 Vitam
181 2719 213 2776 B.
244 2715 403 2777 llorcolini
428 2716 657 2776 Foroliviensis:
675 2720 706 2773 04
724 2716 782 2774 lta·
836 2727 970 2799 tempore
988 2719 1066 2780 etde
1083 2721 1211 2781 Sanctis.
1223 2719 1296 2780 Vide
1308 2720 1463 2790 Ouetilum
1481 2723 1553 2777 torn.
1580 2779 1582 2783 ,

56 2813 115 2872 lice
129 2809 273 2889 4400444004
290 2809 410 2871 vivendi
418 2821 433 2885 ,⁴
445 2811 503 2870 MS.
524 2806 602 2886 00044
626 2808 783 2886 Magliabe-
840 2817 873 2876 t:
884 2832 950 2893 pag.
974 2812 1043 2874 597.

57 2905 181 2978 0444040,
199 2904 284 2971 etde
305 2901 414 2963 Amore
433 2900 642 2963 Charitotisin
662 2904 689 2962 4.
714 2904 781 2962 Cor.
874 2906 1205 2980 DOlllNlCUSSatas,
1224 2907 1328 2965 sivea
1355 2905 1444 2979 8040,
1462 2909 1554 2965 00400
1618 2935 1620 2939 ⁴

58 3000 141 3059 Xlll.
155 2999 200 3074 (99
217 2998 305 3081 80040
323 2999 410 3071 4549,
423 2996 575 3070 4440004.
590 2995 675 3056 4554.
693 2995 781 3055 4586.
838 3000 981 3077 80004400
1008 3001 1039 3058 40
1060 2999 1201 3076 Hispania
1227 2998 1285 3059 lla.
1317 2997 1405 3058 atat.
1434 2994 1556 3056 Ordinis

61 3099 95 3152 et
112 3092 234 3151 Floreat
253 3090 341 3151 4595.
835 3092 1098 3162 Ρ400444004040444,
1116 3090 1285 3169 Theologus
1303 3089 1530 3150 salmaticensis
1548 3130 1555 3162 ‚

99 3180 779 3256 DOhllNlOUSliancmasialra‚lihNGlNUS.
836 3183 941 3246 Carolo
961 3184 996 3244 V.
1024 3185 1100 3262 Imp.
1128 3183 1262 3242 asacris
1287 3179 1555 3245 confessionibus,

103 3276 312 3338 DOMlNlCUS
331 3271 439 3348 Nardt}
451 3272 571 3333 Ordinis
583 3273 780 3335 Praedicator·
835 3277 968 3340 Concilio
986 3276 1162 3338 Tridentino
1179 3275 1315 3336 interiuit
1333 3275 1390 3335 440.
1409 3274 1488 3334 4545
1505 3271 1557 3332 ob

57 3372 191 3448 scriptor
207 3371 384 3430 Sermonum
397 3413 404 3443 ‚
416 3367 513 3427 tribus
528 3366 603 3428 Voll.
619 3365 782 3427 4404000400
836 3371 930 3447 litque
943 3369 1144 3431 salmanticae
1161 3367 1219 3429 Aa.
1236 3369 1323 3429 4569.
1342 3367 1379 3427 de
1396 3381 1457 3445 quo
1471 3366 1557 3428 Nico

58 3463 121 3524 An.
144 3462 231 3522 1385.
837 3463 903 3523 1000
918 3461 1069 3523 Antonius
1093 3469 1165 3522 tom.
1185 3465 1213 3522 4.
1230 3459 1431 3521 Bibliothecae
1452 3460 1557 3536 444000-

101 3555 308 3616 DOlllb'lCUS
328 3551 468 3614 Tantaleo
485 3554 551 3612 sive
567 3552 605 3612 de
625 3550 782 3612 Pantaleo-
837 3573 893 3616 nae
919 3573 984 3634 pag.
1004 3556 1063 3617 255
1079 3599 1087 3627 ,
1104 3571 1168 3632 seq.
1191 3560 1223 3614 et
1240 3554 1371 3616 lacobus
1386 3550 1557 3614 5044044400

59 3646 173 3723 nibus,
202 3648 411 3723 Florentium,
438 3645 560 3706 Ordinis
583 3645 781 3706 Praedicator.
838 3656 911 3710 tom.
936 3650 955 3711 2
982 3648 1019 3709 de
1048 3649 1169 3727 00440440
1195 3650 1460 3709 Dominicanorum
1491 3662 1557 3724 pag.

58 3744 114 3821 qui
132 3741 190 3802 440.
212 3740 289 3803 4376
307 3740 397 3801 rebus
413 3740 554 3801 humanis
565 3738 730 3814 valedixit,
749 3745 783 3799 04
839 3741 925 3818 474,
963 3759 1026 3820 seq.
1056 3743 1242 3821 Scriptorum
1279 3741 1439 3819 catalogus
1477 3737 1558 3816 apud

55 3833 266 3912 Waddingum
288 3839 413 3894 secutus
433 3840 515 3892 40040
537 3833 670 3910 Congius
696 3838 727 3890 et
750 3834 781 3891 in
840 3842 1004 3913 utrumqne
1026 3835 1121 3895 videri
1146 3840 1267 3913 potest,
1288 3840 1319 3893 04
1346 3831 1426 3912 apud
1457 3834 1557 3909 ipsum

55 3927 241 3990 Bibliotheca
262 3928 392 3987 llariana
411 3926 593 4004 Hippolytus
609 3926 782 3986 hlaraccius:
839 3929 945 3990 Sotum
963 3929 994 3988 40
1011 3928 1213 4006 recognitione
1230 3943 1354 4004 operum
1370 3941 1504 3998 suornm,
1517 3922 1557 3983 ad

63 4038 125 4082 non
144 4020 200 4080 440.
229 4020 307 4081 taos
335 4026 369 4079 04
400 4027 470 4079 oum
498 4017 630 4079 Antonio
657 4018 783 4080 Senensi
838 4023 951 4098 calcem
979 4021 1185 4081 commentarii
1208 4021 1238 4079 40
1256 4024 1398 4096 quartum
1428 4019 1558 4079 Senten-

60 4114 248 4175 Possevinus
270 4111 395 4189 aliique:
418 4127 517 4188 nequo
537 4110 615 4186 4476
632 4117 666 4171 04
684 4112 784 4173 lulius
838 4118 958 4179 tiarum.
992 4108 1169 4191 Praecipua
1185 4118 1257 4172 suut
1284 4112 1499 4174 commentarii
1527 4108 1558 4170 in
1583 4156 1590 4165 .

59 4209 154 4284 Niger
175 4223 239 4283 pag.
259 4203 317 4264 453
338 4203 479 4265 historiae
505 4205 687 4282 scriptorum
718 4206 784 4265 Flo·
839 4205 1005 4288 8040404004
1024 4204 1066 4266 044
1080 4207 1247 4282 Romanos,
1264 4204 1460 4283 hntwerpiae
1477 4204 1556 4265 4559

60 4301 261 4360 sentinarum.
280 4295 354 4357 Vide
378 4295 521 4357 iacobum
539 4297 644 4369 Ouetii
664 4305 736 4359 tom.
755 4302 782 4361 4.
839 4309 870 4362 et
886 4319 925 4362 ex
942 4301 1064 4362 meliore
1080 4299 1210 4361 editione
1222 4299 1452 4361 Salmanticensi
1470 4295 1557 4370 4554,

61 4408 123 4472 pag
142 4390 201 4452 675
217 4408 255 4452 ex
272 4407 333 4468 quo
350 4390 430 4450 sicut
447 4391 538 4451 etiam
565 4408 603 4451 ex
626 4389 784 4453 4444004040
840 4396 888 4455 404.
910 4395 1128 4455 annotationes
1148 4391 1185 4454 ad
1212 4394 1357 4454 loannem
1388 4392 1500 4450 Feram
1527 4389 1556 4447 in

59 4504 130 4565 pag.
148 4485 204 4546 434
223 4491 343 4544 0000404
361 4483 441 4544 44000
466 4486 655 4546 Dominicum
680 4501 785 4562 perpe·
840 4486 1040 4567 annqelinm
1055 4486 1220 4562 lobannis,
1237 4486 1438 4548 salmanticae
1457 4484 1555 4555 45544,

62 4597 130 4641 ram
148 4596 165 4639 a
191 4577 361 4658 Waddiugo
377 4584 408 4639 et
425 4578 537 4656 Caugio
554 4578 708 4639 accenseri
730 4578 785 4639 Or-
841 4579 1249 4660 400450044404404444044400,
1260 4577 1558 4640 Bellarcenslsi'ran-

106 4774 132 4832 a)
147 4774 209 4823 vide
220 4786 313 4837 supra,
332 4778 357 4823 tn
375 4776 538 4833 40449440,
555 4780 618 4823 4040.
639 4771 650 4820 4
670 4787 697 4835 0.
712 4771 772 4822 auo.
880 4825 897 4837 ,Ἰ
1393 4818 1398 4824 .

107 4850 136 4910 b)
157 4854 274 4900 summae
292 4849 352 4898 hist.
371 4852 412 4900 444.
423 4849 455 4898 45
471 4859 527 4912 040.
544 4852 585 4900 xl.
604 4849 628 4911 s.
643 4848 670 4897 5.
881 4844 907 4909 a)
928 4845 1000 4907 Apud
1016 4843 1203 4907 444044444ος004.-
1234 4843 1390 4893 Tractatum
1411 4839 1444 4887 de
1468 4838 1561 4891 Monte

107 4924 133 4984 c)
151 4924 231 4973 tulius
248 4925 322 4984 Niger
339 4920 546 4984 descriptoribus
564 4923 716 4972 Florentinis
728 4934 787 4984 pag.
833 4919 976 4969 nommant.
985 4921 1078 4982 Niger:
1094 4920 1238 4977 7400404444
1249 4916 1341 4979 plnres
1353 4915 1385 4962 de
1395 4919 1479 4964 morte
1492 4927 1562 4963 rom·

58 5000 120 5049 989.
138 4999 198 5047 vtae
210 5001 287 5048 044004
304 4998 432 5046 oudinum
449 5004 511 5046 tom.
530 4999 546 5047 5
563 5009 619 5059 pag.
637 4996 697 5046 9444
715 5003 740 5047 04
758 4999 787 5045 ti.
833 4995 918 5044 04004.
1223 4992 1227 4999 “

58 5073 162 5135 40000444
182 5077 248 5135 44000
265 5076 406 5134 purpuram
420 5070 521 5125 41004440
539 5079 601 5123 tom.
622 5072 632 5120 l
654 5085 710 5135 pag.
731 5071 786 5122 loa.
879 5070 906 5132 bl
926 5069 999 5135 apud
1012 5073 1125 5135 litgium
1138 5080 1204 5131 000.
1216 5066 1280 5116 lili.
1295 5067 1331 5113 440
1350 5059 1504 5120 44404444ὶῦ·
