3458 5332
111 476 246 531 uestrae:
262 476 369 550 septem
385 469 610 543 ilr'roeulorum,
622 484 716 526 uuum
731 467 767 527 de
784 466 829 527 tt·-

114 568 151 627 444
172 567 295 624 Petrum
310 563 445 641 scripsi:
464 563 494 622 iu
512 561 657 623 Paulierii
668 566 830 620 tractatum

114 658 224 720 librum
242 662 334 716 udum
352 661 566 717 commentatus
580 674 665 717 sum:
683 654 719 713 dc
733 655 832 714 cursi-

115 752 171 813 bus
184 754 272 812 etiam
291 749 513 811 Ecclesiasticus
527 767 620 810 eertum
638 746 750 808 librum
764 764 832 806 eou-

116 846 189 906 didi.

153 939 284 999 Aimoiui
294 941 427 1001 Monaehi
445 987 451 1015 ‚
470 942 521 1018 qui
537 947 626 1000 autea
641 935 772 997 Auuouii
780 953 831 994 uo

116 1033 197 1093 mine
218 1033 506 1109 circumferebatur,
528 1033 675 1093 Historiae
707 1032 833 1089 Franco

117 1145 183 1189 rum
209 1127 274 1186 libri
293 1127 332 1186 ll’
348 1172 354 1199 ‚
373 1127 409 1186 44
427 1129 552 1187 ioannis
568 1125 674 1187 h'icotii
692 1121 831 1183 Codicern

118 1222 270 1294 restituti,
290 1238 326 1280 ex
345 1221 476 1280 editione
494 1218 688 1280 Wecheiiana
705 1213 792 1288 4567,
804 1215 833 1273 8.

118 1333 184 1393 pag.
206 1315 277 1375 245.

158 1405 275 1466 ,444444
286 1407 483 1482 benedictini,
497 1409 562 1466 sive
578 1403 747 1465 secundum
759 1403 834 1462 aiios

116 1500 262 1562 Ademuri
276 1501 411 1562 Monachi
424 1501 557 1561 Annales
574 1501 757 1558 Francorum
779 1496 834 1554 lie-

116 1615 187 1670 gum
203 1587 240 1655 ab
257 1596 314 1654 Au.
332 1594 386 1655 744
410 1594 446 1654 44
463 1595 533 1654 828.
551 1610 615 1671 pag.
635 1593 704 1652 384.

157 1691 224 1750 Vita
238 1695 269 1747 et
284 1693 368 1764 gesta
386 1688 483 1748 Caroli
500 1689 595 1764 Magni
614 1702 667 1763 per
684 1680 835 1762 49444444-

118 1787 181 1840 ium
215 1783 295 1842 illius
328 1780 509 1858 quandoque
547 1779 703 1839 alumnum
743 1782 834 1852 atque

116 1875 245 1935 scribam
264 1874 456 1945 adiuratum,
473 1872 660 1932 Germanum
678 1887 745 1949 pag.
768 1869 834 1927 435,

161 1967 225 2028 Vita
241 1966 424 2029 Hrdudouici
439 1965 488 2025 Pu'
508 1966 699 2043 imperatoris
714 2008 720 2036 ,
736 1960 834 2034 Karoli

116 2064 212 2139 iiagni
227 2062 298 2134 iiiii,
322 2064 436 2120 incerto
451 2065 584 2133 auctore,
603 2056 656 2116 sed
674 2061 835 2116 coaetaneo

117 2163 148 2215 et
166 2155 378 2215 astronomiae
392 2155 418 2228 a)
435 2153 530 2232 perito
549 2168 645 2226 usque
663 2149 699 2209 ad
712 2147 835 2208 Annum

118 2248 185 2308 840.
203 2265 262 2325 quo
278 2246 450 2307 Ludovicus
467 2245 558 2318 obiit,
575 2250 645 2303 ante
672 2243 835 2321 pleniorem

119 2343 195 2402 Petri
229 2342 340 2402 Pithoei
372 2340 532 2400 editionem
562 2354 614 2415 pro
639 2334 715 2396 libro
736 2335 838 2415 quinto

117 2435 250 2496 alimoiui
264 2436 367 2496 habita
383 2434 541 2509 editaque:
559 2447 625 2508 pag.
645 2431 713 2490 445.
731 2431 770 2490 Et
786 2426 838 2488 Ai-

119 2529 212 2589 moini
227 2528 361 2589 Annales
382 2525 547 2588 continuati
563 2524 600 2584 ab
614 2524 671 2583 lin.
697 2523 755 2582 846
772 2567 778 2596 ,
800 2521 835 2582 44

123 2623 210 2684 4465.
228 2639 295 2700 pag.
316 2621 385 2682 476.

158 2713 328 2791 Michaelis,
347 2715 422 2776 iiiiii
432 2762 439 2792 ‚
457 2717 574 2778 Patricii
591 2712 787 2791 Neapolitani,
800 2711 837 2770 de

120 2810 251 2887 liegibus
268 2811 411 2869 Franciae
429 2809 633 2868 ahiarcomiro
655 2805 691 2866 ad
710 2804 838 2864 Ludovi-

119 2919 190 2964 oum
205 2904 272 2977 xli,
288 2902 354 2962 iibri
373 2903 408 2960 iil
424 2946 430 2971 ,
448 2900 485 2960 ad
500 2899 668 2959 Guidoncm
688 2900 836 2975 Magnum,

122 2998 264 3058 Franciae
281 2994 511 3065 cancellarium,
534 2994 636 3071 scripti
655 2993 764 3051 iiomae
782 2990 837 3050 44.

118 3092 281 3153 45054444
299 3106 378 3150 4444
398 3089 475 3149 4503
493 3087 669 3148 desinentes
683 3102 748 3165 pag.
768 3086 835 3145 534.

160 3184 257 3246 Garoii
271 3183 368 3262 Magni
383 3183 449 3242 Vita
467 3198 521 3260 per
537 3182 685 3240 Donatum
701 3176 837 3256 Aeciojo-

122 3278 182 3338 lum
200 3276 279 3338 edita
298 3293 365 3355 pag.
383 3276 526 3336 549-560.

160 3369 300 3430 44444444
320 3365 361 3428 44
388 3368 536 3428 GiiESNE
563 3368 710 3426 ilistoriae
728 3360 840 3423 4444444-

120 3466 248 3526 GOiiUhi
272 3464 440 3540 Scriptores
456 3461 626 3521 coaetanei.
649 3450 762 3518 Tomos
775 3456 841 3536 prt-

121 3574 189 3617 mus
205 3558 242 3616 ab
271 3557 365 3633 ipsius
388 3555 495 3613 Gentis
513 3554 625 3632 origiue
643 3551 681 3612 ad
702 3551 840 3629 Pipinum

683 359 1029 421 FRANCORUhl

887 468 1005 544 inopino
1021 469 1081 528 lato
1098 472 1266 529 extinctum
1286 515 1292 526 .
1310 469 1505 528 continuante
1521 466 1587 526 labo

887 577 949 620 rem
969 562 1131 622 Franciseo
1145 561 1187 622 du
1204 563 1353 625 GiiESh'E
1366 608 1373 635 ‚
1388 562 1467 636 lilio,
1487 560 1587 621 Tertius

887 672 903 714 a
922 655 1026 716 Carolo
1043 658 1177 717 ilartello
1194 659 1290 734 Pipini
1306 658 1396 733 liegis
1412 661 1587 734 patruusque

887 749 924 807 44
947 749 1079 826 lingonis
1106 756 1137 809 et
1163 750 1285 810 iioherti
1315 750 1431 829 Regum
1459 756 1586 826 tempora.

888 844 1022 917 (letorius
1051 843 1089 903 ab
1118 844 1242 922 liugone
1271 847 1302 902 et
1327 841 1458 902 lieberto
1475 840 1587 918 Regibus

889 952 985 1013 usque
1002 936 1037 995 ad
1054 954 1179 1014 regnum
1192 936 1319 1015 Philippi
1332 934 1472 1012 Augusti,
1486 934 1587 994 Parisiis

890 1029 961 1090 4644
983 1037 1014 1088 44
1031 1029 1161 1106 Quintus
1177 1028 1308 1106 denique
1328 1030 1340 1090 4
1347 1028 1427 1106 ota,
1445 1028 1494 1088 444.
1506 1044 1522 1087 4
1536 1027 1589 1087 Phi-

889 1123 967 1200 lippo
981 1121 1117 1202 Augusto
1133 1127 1213 1202 liege
1232 1122 1379 1201 usquead
1395 1129 1528 1200 tempora
1535 1119 1587 1180 Phi·

889 1217 958 1293 lippi
979 1217 1034 1290 444,
1053 1219 1119 1276 sive
1136 1215 1266 1276 Pulchri.
1282 1216 1368 1287 Quae
1387 1214 1506 1292 singula
1522 1212 1588 1271 iulo

864 1356 868 1364 .
888 1309 1007 1388 eupiete
1026 1308 1081 1368 hac
1095 1308 1272 1369 collectione
1297 1310 1413 1368 Lectori
1436 1307 1586 1376 offerantur,

889 1410 971 1464 esset
989 1404 1035 1463 hic
1054 1400 1201 1463 retereudi
1219 1402 1324 1474 locus,
1343 1403 1402 1460 nisi
1418 1400 1586 1460 distincteet

889 1505 1029 1559 accurate
1046 1497 1072 1556 id
1092 1498 1205 1556 lactum
1227 1502 1310 1554 esset
1326 1511 1425 1574 nuper
1449 1496 1477 1552 in
1499 1493 1586 1555 claris

890 1593 958 1650 simi
970 1591 1131 1652 Christiani
1144 1588 1299 1649 Gotthlieh
1310 1585 1585 1649 BuderiBibiiotheea

890 1688 1071 1763 scriptorum
1101 1701 1203 1744 rerum
1229 1684 1498 1756 Germanicarum,
1526 1696 1586 1758 quae

890 1779 1075 1839 celeberrimi
1087 1776 1249 1839 burchardi
1259 1776 1403 1836 Gottheli
1411 1776 1523 1837 Struvii
1533 1776 1588 1834 Gor·

890 1876 953 1950 pori
971 1874 1116 1932 Historiae
1132 1872 1329 1932 Germanicae
1351 1872 1515 1949 praemissa
1533 1869 1589 1946 legi-

893 1975 941 2028 tur
958 1969 1051 2026 ienae
1071 1966 1146 2028 4730
1168 2015 1176 2041 ,
1194 1967 1243 2025 441.
1258 1978 1325 2044 pag.
1345 1965 1487 2026 405-448.
1509 1965 1589 2040 Longe

892 2062 1020 2122 ulterius
1036 2067 1139 2122 autem
1154 2058 1289 2139 progredi
1308 2064 1461 2119 statuerat
1477 2057 1588 2118 Chesnei

892 2157 1051 2234 utriusque
1066 2157 1160 2234 patris
1177 2163 1208 2215 et
1226 2154 1276 2214 filii
1296 2154 1463 2226 industria,
1480 2167 1543 2212 nam
1562 2151 1591 2207 si-

893 2251 954 2309 mili
987 2248 1087 2308 studio
1114 2248 1253 2310 voluerat
1290 2251 1434 2327 persequi
1467 2245 1592 2307 ilistoriao

893 2345 1053 2404 Francicao
1078 2349 1273 2403 monumenta
1290 2342 1328 2403 ad
1343 2359 1432 2402 suam
1447 2356 1538 2418 usque
1554 2354 1592 2397 ae·

892 2431 1012 2513 tatem,
1030 2454 1084 2515 per
1100 2439 1208 2497 Tomos
1230 2436 1348 2512 XXIV,
1378 2451 1508 2513 quorum
1530 2431 1593 2491 uoti·

893 2535 965 2593 tiam
982 2530 1196 2607 chronologica
1213 2531 1289 2589 serie
1313 2531 1521 2606 consignatam
1543 2524 1593 2602 jan

894 2629 1015 2688 tertium
1033 2625 1127 2687 edidit
1140 2626 1319 2685 Franciscus
1336 2623 1379 2684 du
1396 2624 1516 2684 Chesne
1530 2621 1606 2682 rari·-

894 2725 947 2783 siis
964 2721 1056 2792 4663,
1073 2720 1102 2778 8.
1117 2725 1208 2796 atque
1236 2735 1291 2797 ego
1320 2717 1525 2779 recudendam
1541 2712 1597 2775 dedi

894 2819 923 2875 in
939 2817 1057 2893 isagoge
1072 2815 1100 2871 44
1120 2812 1257 2871 notitiam
1272 2814 1458 2890 scriptorum
1471 2812 1598 2871 historiae

893 2908 1041 2981 Gallicae,
1071 2905 1232 2982 iiamhurgi
1259 2903 1361 2977 4708,
1386 2903 1416 2964 8.
1449 2924 1509 2966 444
1535 2920 1594 2963 444

891 3001 1053 3062 Christiani
1069 2997 1194 3078 Gryphii
1211 3000 1469 3058 commentatione
1488 2999 1524 3059 de
1539 3001 1600 3058 scri-

891 3095 1045 3176 peoribus,
1068 3094 1119 3170 qui
1142 3109 1191 3152 res
1207 3091 1337 3152 Gallicas
1354 3094 1460 3155 seculo
1478 3109 1600 3172 praescr·

891 3192 946 3250 tim
962 3191 1063 3262 xvii,
1080 3189 1271 3248 illustrarunt
1285 3224 1292 3245 ,
1304 3193 1336 3247 44
1360 3181 1525 3248 4444444444
1547 3187 1603 3246 iiie-

892 3285 975 3344 terici
992 3283 1139 3344 idcihomii
1154 3280 1306 3341 dissertat.
1320 3281 1358 3339 de
1370 3280 1502 3342 Gallicae
1520 3281 1601 3341 hisio-

893 3379 954 3438 riae
971 3375 1102 3455 periodis
1121 3382 1153 3435 et
1168 3367 1370 3453 scriptoribus
1387 3374 1470 3435 edita
1488 3375 1603 3435 lielmst.

896 3471 993 3544 4703,
1014 3471 1039 3529 4.
1059 3472 1129 3530 Post
1147 3469 1359 3530 Chesneorum
1378 3476 1501 3548 tempus
1518 3469 1555 3530 ab
1580 3467 1606 3526 il·

895 3565 1079 3625 lustrissimo
1095 3563 1244 3636 (lelberto,
1257 3563 1283 3639 a)
1299 3564 1351 3640 qui
1366 3561 1424 3622 lin.
1439 3561 1517 3624 4676
1527 3578 1607 3641 appa·

123 3666 219 3726 ¹¹⁸‘lim
240 3650 351 3726 Regem
368 3666 374 3704 ³
393 3645 588 3707 3404444433
616 3647 719 3724 ΡῙΡῘΠΟ
744 3642 840 3704 Εθΐθῖῑ
896 3665 995 3718 ratum
1018 3659 1168 3735 integrum
1190 3675 1208 3718 a
1238 3658 1398 3718 Francisco
1426 3657 1470 3719 du
1497 3657 1608 3717 Chesnc

122 3743 217 3819 44θέ4444
236 3743 322 3800 Patre
341 3755 438 3817 usque
456 3739 491 3799 'dd
513 3743 666 3817 4441400044)
683 3739 840 3816 Gadetum-
896 3751 1074 3823 redemerat,
1090 3767 1126 3810 ao
1142 3750 1251 3812 deinde
1262 3751 1301 3811 ah
1309 3751 1377 3812 aliis
1392 3769 1465 3830 spes
1478 3753 1554 3812 iacta
1568 3755 1610 3810 est

122 3837 240 3896 Parisiis
257 3834 334 3894 4036
352 3839 463 3911 etpost
480 3831 631 3893 Andream
647 3830 704 3891 444.
723 3829 799 3891 4640
814 3829 841 3903 h)
897 3845 995 3924 operes
1014 3844 1093 3904 injus
1110 3861 1164 3922 pes
1184 3843 1320 3906 eruditos
1336 3843 1452 3906 gamag
1471 3863 1531 3905 ,θη
1553 3862 1610 3924 pes.

899 3937 1016 3999 licieudi
1032 3936 1130 4011 modo,
1147 3937 1200 3998 sed
1218 3938 1310 3998 etiam
1326 3937 1489 4017 supplendi
1508 3956 1610 4017 augen-

164 4022 190 4084 ι)
209 4021 246 4071 ⁸⁴¹
262 4027 363 4072 *llum
381 4021 438 4071 ⁸³⁹·
465 4033 523 4084 ¹³³⁸·
549 4018 605 4067 ¹¹⁷¹·
624 4018 667 4068 ⁰¹³¹
694 4019 725 4068 ‘¹²
744 4017 846 4065 ⁰⁰⁰¹0²⁸
898 4033 1009 4111 dique:
1024 4032 1171 4092 hacteuus
1188 4037 1291 4093 tamen
1311 4030 1610 4111 necdumquicquam

118 4106 142 4148 et
160 4097 192 4148 de
213 4099 385 4159 imperatore,
401 4097 462 4159 quid
489 4095 530 4145 iiie
545 4094 706 4156 portenderet
721 4090 847 4140 sollicito:
901 4130 906 4140 .
1576 4129 1582 4139 ,

118 4180 263 4235 corioquam
289 4174 374 4234 quieti
400 4170 518 4220 membru
535 4168 730 4226 committeret,
754 4150 845 4214 Ι444444
899 4146 928 4186 ¹⁰
956 4127 1055 4186 lucem
1078 4126 1249 4204 Pmlatuma
1274 4141 1452 4204 quanquam
1478 4135 1613 4188 malem?

118 4249 254 4310 quodam,
271 4248 386 4309 itemque
409 4260 450 4295 me
466 4245 512 4307 qui
528 4243 593 4290 haee
609 4242 731 4303 scripsi,
751 4246 776 4289 et
804 4241 849 4300 qui
900 4227 1018 4281 40044440
1031 4220 1229 4297 suppetat'ut
1241 4218 1282 4279 illi
1295 4218 1547 4297 complectendae
1561 4234 1613 4280 non

118 4324 198 4384 liujus
216 4322 256 4370 rei
280 4320 443 4384 sapientium
462 4317 556 4366 tabere
573 4314 718 4376 credebar,
738 4326 850 4376 per-eou-
899 4317 1019 4388 xxiv,
1038 4312 1092 4374 sed
1108 4331 1145 4373 ne
1160 4310 1213 4372 XL
1228 4359 1237 4388 Ι
1255 4311 1378 4392 quidem
1397 4313 1559 4374 Volumina
1573 4330 1614 4374 ga.

120 4400 176 4448 turi
193 4398 318 4446 44444444.
336 4401 430 4447 Auctor
445 4393 561 4443 tesetcoii
578 4399 721 4452 temporum
737 4387 849 4437 Philoso-
900 4413 939 4469 pis
956 4409 1115 4469 videantur
1130 4408 1231 4468 sutum
1249 4422 1320 4467 esse

120 4473 292 4534 phum‚cum
318 4484 369 4536 quo
395 4472 533 4530 imperator
559 4466 682 4514 attonitus
700 4463 849 4512 dedomata
939 4505 963 4562 D
1022 4501 1028 4514 ,
1070 4501 1088 4561 d
1159 4501 1183 4561 Α
1209 4497 1228 4560 d
1320 4500 1338 4560 d
1393 4500 1416 4561 C

120 4549 248 4607 contulit,
266 4553 339 4597 vocat
356 4541 538 4609 Eginherdum.
965 4518 1069 4580 ⁰⁰J¹¹⁸
1091 4517 1139 4561 ⁰¹¹¹
1188 4516 1298 4561 04949
1342 4519 1362 4562 41
1419 4500 1519 4563 hisne
1548 4503 1616 4564 Not·-

166 4621 193 4680 o)
209 4622 329 4672 criuntur
345 4622 476 4669 samarius
492 4615 602 4677 amaon
621 4611 663 4662 44.
675 4612 734 4660 aare
751 4609 847 4660 notho·
897 4611 1107 4656 mendicorum
1132 4611 1235 4655 rerum
1264 4594 1464 4674 scriptoribus
1482 4597 1521 4658 ab
1537 4598 1617 4657 hono

123 4699 189 4756 magi
201 4698 394 4759 itouisiiajish.
410 4691 479 4742 4040.
492 4690 616 4739 Andreae
629 4687 665 4735 du
682 4684 783 4735 eteius
795 4696 845 4731 uo·
899 4692 957 4750 838
975 4689 1010 4749 gd
1031 4689 1119 4749 4220,
1136 4690 1228 4749 paris,
1252 4689 1330 4750 lssl9
1346 4732 1353 4762 ,
1381 4689 1431 4749 101,
1454 4690 1556 4753 dicem
1574 4706 1616 4751 mg

122 4767 273 4818 attissimus
285 4770 370 4832 Reque·
384 4766 559 4831 Geoprophue
569 4769 594 4812 et
603 4758 849 4821 Historioqruphue
901 4784 1021 4844 mpmini
1037 4790 1098 4842 pom
1122 4785 1134 4843 p
1168 4799 1225 4860 pag
1252 4782 1291 4840 93

124 4843 174 4889 hoe
189 4845 341 4905 septimana
358 4841 552 4891 miserabiliter
564 4836 766 4886 obiitne-arro
779 4833 849 4882 deei-
939 4829 947 4843 ⁴
1102 4828 1109 4842 ‘
1143 4828 1149 4841 ’
1227 4824 1235 4842 ⁰
1292 4823 1300 4841 ⁰

122 4917 197 4965 deutr'
213 4916 322 4967 toruior
338 4919 392 4970 itta
409 4918 550 4980 ingressus
573 4919 631 4973 eet,
655 4910 725 4958 uude
749 4921 847 4972 mopuo
951 4950 954 4956 .

123 5004 182 5039 cum
200 4992 323 5041 arueram
338 4998 400 5057 pon
413 5005 494 5042 uuam
505 4990 680 5040 auratiorem
691 4985 786 5034 horum
799 4998 844 5033 ea·
940 4979 965 5039 a)
983 4980 1090 5031 sueonos
1107 4980 1131 5029 44
1147 4982 1226 5041 iong.
1241 4977 1421 5044 bibliotheque
1439 4982 1581 5049 historique
1595 4985 1621 5035 dt

122 5064 248 5131 spiravit.
883 5058 918 5134 ia
938 5058 1032 5106 444444
1048 5068 1105 5118 pag.
1122 5051 1178 5106 054.
1195 5051 1258 5106 vido
1274 5060 1300 5104 et
1316 5068 1343 5118 p.
1357 5056 1416 5111 540.
1432 5072 1474 5121 sq.
