3464 5318
206 389 510 467 nominibus
536 388 806 466 Paconius
832 389 1051 467 ANGELO
1079 389 1358 469 sanabala
1386 390 1430 467 S.
1458 392 1508 465 1).

121 700 226 832 Quod
237 770 365 825 inritata
377 768 549 842 hortatuque
561 775 610 825 tuo
621 767 731 842 confeci
741 784 815 823 com-

120 856 338 922 mentariolum,
354 854 555 927 qualecumque
570 864 625 923 est,
641 855 696 909 tibi
714 854 813 924 offero,

120 940 172 998 Vir
187 941 373 1005 clarissime,
390 955 424 994 ne
436 945 529 995 larrren
538 955 594 1009 pro
609 940 751 995 desideria
767 944 815 992 luo

119 1025 321 1096 satisfecerim,
341 1026 494 1079 admodum
509 1040 619 1091 uereor,
637 1025 688 1096 qui
705 1039 740 1077 ns
759 1023 815 1077 mi·

117 1107 151 1163 bi
163 1111 277 1181 quidem
297 1111 357 1180 ipsi
376 1112 476 1165 uideor
494 1111 679 1181 satisfecisse.
699 1109 815 1178 (luotics

117 1196 195 1248 enim
214 1210 276 1249 euni
297 1197 414 1251 Latinis
426 1197 617 1266 scriptoribus
636 1212 678 1249 me
692 1194 814 1248 oblecto.

113 1281 262 1351 perplacet
286 1297 424 1351 qermana
448 1282 501 1335 illu
528 1281 644 1350 linquae
672 1279 815 1349 elcqantia

118 1371 145 1420 el
169 1367 334 1431 munditia,
364 1372 390 1419 et
418 1366 608 1437 aequabiliter
635 1366 815 1437 monitorque

117 1451 209 1521 paens
221 1452 363 1506 sermonis
377 1452 571 1515 concinnitas,
587 1453 619 1504 in
635 1465 691 1522 qna
708 1450 814 1520 mirifi-

117 1548 146 1590 ce
159 1540 190 1589 lu
204 1550 312 1608 quoque
327 1535 497 1591 enodandi
508 1551 570 1590 curu
581 1537 675 1591 scribo
687 1536 815 1605 ipsemet.

118 1624 144 1672 et
160 1635 231 1690 quoe
243 1621 410 1690 scripserim
423 1635 602 1690 recoqnosco‚
615 1620 816 1676 duriusculum

119 1705 214 1759 nescio
230 1706 300 1776 quid
312 1705 433 1777 offendo,
449 1705 621 1760 Latinitatis
636 1705 758 1775 cesthia
771 1705 816 1759 ci-

118 1787 180 1853 deo,
195 1788 311 1859 etllqiem
324 1795 349 1843 el
362 1789 483 1860 sormam
499 1804 557 1843 non
570 1790 661 1844 uideo.
675 1789 815 1854 dientem,

119 1877 151 1926 ut
167 1886 185 1925 a
200 1879 225 1926 te
240 1874 354 1937 audiui,
380 1874 411 1926 in
434 1872 588 1928 rhetoricis
610 1875 715 1928 studiis
731 1888 816 1943 prae·

117 1958 330 2013 sterilissimum
347 1973 416 2013 sanc
429 1959 571 2013 doctorem
590 1959 668 2013 alius
690 1958 764 2012 olibi
782 1973 818 2011 u-

117 2046 229 2114 tersque
254 2048 385 2098 nostrum
408 2041 524 2107 babuit,·
550 2043 587 2111 (t)
620 2049 817 2099 cerumtamen

116 2125 205 2181 sicuti
217 2142 276 2180 non
286 2127 418 2181 omnibus
432 2127 528 2180 eadem
541 2127 656 2196 inqcnii
667 2125 816 2189 habitudo,

116 2223 205 2282 neque
233 2211 309 2266 idem
327 2211 458 2266 discendi
479 2210 579 2278 ordor,
600 2213 643 2264 ito
662 2226 720 2264 non
741 2210 815 2263 idem

115 2296 245 2349 omnium
272 2294 443 2364 prolectuss
469 2298 563 2349 serius
582 2300 676 2348 anetem
694 2309 737 2348 me
756 2306 815 2346 non

111 2379 274 2448 proiecisse
290 2380 445 2447 poenituit,
467 2393 553 2450 quam
572 2384 602 2432 ut
622 2379 731 2432 mederi
753 2378 814 2431 dies

111 2470 217 2532 posset.
240 2464 299 2518 Pro
318 2477 379 2516 nieo
397 2468 494 2516 taritcn
509 2478 594 2517 sensu
613 2460 691 2516 baud
704 2460 813 2514 medio-

115 2549 206 2603 criter
225 2548 305 2601 doleo
330 2548 474 2618 effluxisse
488 2550 551 2619 q'am
577 2547 651 2600 illud
670 2545 812 2602 seculum.

114 2632 189 2704 quod
209 2633 405 2687 Facciolatum
430 2633 514 2697 tulit,
538 2630 811 2703 Loqomursinium,

117 2716 325 2785 Ronomicias,
358 2717 589 2783 bleiszolarium,
620 2716 812 2781 Ferrarium,

115 2801 293 2867 Cordoram,
310 2800 500 2864 funiculum,
526 2802 654 2872 aliosque
679 2804 739 2872 cjres
759 2816 821 2870 no·⁴

113 2890 160 2940 tae
174 2886 329 2955 scriptores
348 2887 586 2956 eliquatissimos.
605 2887 643 2942 at
655 2900 721 2941 uero
736 2900 812 2938 necne

113 2978 164 3037 est,
180 2988 240 3027 non
251 2986 358 3040 porum
373 2987 442 3025 sone
467 2959 638 3037 uerendum,
661 2986 695 3024 ne
711 2972 819 3025 Latino

115 3057 218 3128 linqua
233 3058 245 3127 l
256 3074 341 3128 quam
354 3058 506 3126 repentina
519 3072 616 3111 rerum
629 3056 812 3111 conversione

114 3142 193 3214 [octa
214 3143 340 3212 plurimi
359 3157 483 3212 prorsus
506 3143 699 3195 immerentem
722 3140 813 3210 neqli·

114 3234 204 3300 qunt,
222 3227 349 3299 quodque
369 3228 541 3298 probrosum
560 3227 653 3297 moqis
673 3233 727 3294 est,
753 3241 814 3280 earn

119 3314 321 3384 neqliqcndom
340 3314 535 3384 eaistirnant)
556 3311 635 3365 breui
663 3312 740 3381 apud
765 3326 816 3366 nos

111 3412 186 3469 pene
204 3399 267 3453 sine
283 3397 390 3453 bonore
398 3397 495 3469 jooeul
505 3415 516 3461 ‚·
537 3398 600 3451 nisi
618 3396 692 3466 forte
712 3402 816 3451 caetera

117 3498 203 3556 quo-m
221 3483 267 3554 sas
287 3487 327 3536 cst
347 3484 489 3555 conjicere
505 3482 654 3545 colamus,
676 3497 746 3552 quae
761 3481 816 3534 tri-

118 3568 179 3623 stia
202 3565 363 3622 babuerunt
384 3568 490 3632 initia,
512 3566 598 3620 bonos
618 3566 714 3620 caitus
732 3562 815 3618 liabi-

117 3655 195 3706 taro.
210 3651 280 3723 {Sed
306 3655 412 3707 mirum
432 3652 562 3723 prosecta
589 3651 758 3704 domesticas
782 3649 817 3704 ab

118 3735 205 3791 Italis
220 3737 320 3791 laudes
335 3738 454 3790 minimi
463 3737 631 3806 plerumque
646 3734 799 3788 aestimari
808 3755 815 3802 ;

116 3822 203 3894 quusi
214 3836 281 3875 cero
299 3822 406 3875 Latina
422 3822 524 3893 linqua
539 3835 600 3874 una
608 3822 817 3890 propemodum

118 3907 233 3978 reliqua
257 3907 333 3963 aciei
356 3907 533 3976 patrimonii
553 3921 625 3975 pars
648 3923 706 3961 non
731 3911 816 3971 essct,

119 4006 176 4063 qua
201 4008 253 4047 nos
281 3993 407 4062 spoliare
431 4006 578 4063 nunqnam
604 3993 723 4047 erterni
751 3997 819 4047 stent

117 4077 194 4132 ausi.
223 4078 304 4133 Licet
330 4077 459 4131 enimin
480 4091 511 4129 eo
531 4077 701 4146 scriptionis
719 4090 820 4147 qenere

116 4163 240 4218 illoram
265 4163 376 4233 aliquot
399 4162 604 4219 racelluerint.
628 4162 702 4216 tiaris
727 4167 823 4215 torneie

120 4247 233 4304 laudem
248 4248 356 4303 Italiae
376 4252 516 4317 acceptam
533 4246 692 4301 retulerunt
712 4260 821 4314 semper

121 4334 324 4399 libentissime,
346 4338 396 4387 aut
413 4333 518 4387 ltaliae
530 4333 644 4401 primus
657 4330 782 4386 candide
795 4335 821 4383 et

118 4421 309 4475 meritissimo
328 4417 504 4472 detulerunt.
532 4417 704 4488 Quanquam
730 4414 820 4469 multa

118 4504 195 4560 illud
221 4505 310 4559 etiarn
329 4503 466 4573 turpius,
494 4500 568 4572 quael
592 4500 708 4571 linquae
728 4500 821 4570 ipsius

123 4589 245 4646 Italicae
269 4588 363 4643 rcellus
384 4587 565 4657 oblonquissc
586 4589 648 4657 jam
660 4586 821 4655 plurimum

119 4674 198 4745 opud
222 4689 274 4728 nos
292 4673 417 4728 uidetur.
443 4686 476 4727 ac
492 4676 610 4740 practer
632 4673 747 4725 inodum
775 4685 823 4724 re-

119 4758 274 4832 sriquisse.
293 4759 423 4814 Nimium
438 4755 569 4827 proiecto
588 4756 620 4809 in
639 4757 700 4811 dies
715 4755 823 4810 incale-

119 4845 175 4900 scit
198 4844 297 4915 lucala
323 4843 463 4916 quaedam
484 4849 509 4898 et
529 4841 658 4898 insolens
681 4847 707 4896 et
725 4841 823 4910 inepta

149 4998 185 5059 (Ι)
202 4996 258 5047 los.
279 4998 317 5052 tt.
334 4997 549 5052 bierzzalarium‚
568 4994 756 5044 Pisatactisem
777 4990 831 5041 les.

895 773 1093 844 pereqrinitas
1119 788 1235 841 cocum,
1260 777 1285 827 et
1308 770 1476 842 scriptionis
1505 758 1595 839 qe'nus

900 864 1089 913 eaternurum
1108 859 1236 929 qentium
1262 856 1336 925 stqlo
1360 854 1480 910 absurde
1505 856 1597 907 inter·

896 942 1027 1010 polutum
1054 949 1114 996 tarn
1141 943 1306 1014 frequenter
1333 941 1453 995 onribus
1487 938 1595 992 nostris

901 1032 984 1096 atque
997 1028 1087 1082 oculis
1102 1027 1275 1091 inculcatur,
1289 1033 1321 1081 ut
1339 1026 1459 1079 italicae
1478 1023 1596 1092 linquae

901 1113 1226 1178 suauitatemnilorem,
1239 1112 1408 1182 qrauilalcm
1420 1127 1438 1164 a
1448 1109 1596 1180 plerisque

902 1200 1093 1252 recentiorum
1118 1199 1235 1268 scriptis
1259 1198 1353 1252 obesse
1371 1197 1520 1268 solendum
1546 1196 1595 1249 sit.

903 1281 964 1349 (luo
977 1283 1088 1352 quidem
1105 1284 1164 1337 loco
1184 1297 1243 1335 uon
1262 1282 1292 1335 id
1311 1280 1530 1350 reprehensione
1548 1279 1597 1332 di-

901 1380 988 1435 quum
1013 1368 1162 1432 diaerim,
1188 1366 1262 1438 quod
1290 1374 1455 1421 caeterorum
1478 1365 1597 1434 sopien-

900 1453 972 1508 tiom
985 1458 1012 1506 et
1028 1453 1198 1523 cleqantiom
1210 1452 1336 1521 plurimi
1354 1457 1496 1506 nostrates
1512 1463 1600 1519 prae·

900 1537 1009 1601 dicant,
1023 1543 1047 1591 et
1061 1545 1182 1592 caterua
1197 1538 1291 1607 leqant
1310 1537 1495 1606 cupidissime
1513 1541 1599 1605 atque

900 1622 1108 1688 admirantur;
1135 1638 1206 1695 quae
1225 1628 1319 1676 autem
1338 1623 1524 1676 excellentem
1543 1619 1600 1675 lta·

901 1705 964 1761 beat
971 1707 1231 1777 pulchritudinem,
1248 1708 1313 1779 quis
1329 1723 1387 1761 non
1409 1700 1595 1761 admiretur?

901 1792 956 1849 Sed
975 1793 1113 1864 quidquid
1132 1793 1165 1846 in
1183 1798 1349 1846 coeterorum
1379 1792 1499 1861 scriptis
1529 1804 1599 1845 con·

902 1878 1021 1930 cinnum
1040 1893 1074 1931 uc
1087 1881 1234 1931 venustum
1251 1875 1457 1930 inconsiderate
1470 1875 1597 1939 uidetur,

903 1962 978 2015 idem
993 1976 1116 2031 prorsus
1142 1962 1235 2030 ipsum
1254 1976 1271 2014 a
1291 1960 1399 2016 nostris
1428 1961 1462 2013 in
1493 1958 1600 2014 italica

902 2046 1062 2115 scriptione
1086 2053 1188 2100 temere
1218 2045 1416 2116 liberrimequo
1440 2044 1599 2113 usurpari,

901 2134 927 2182 et
950 2130 1158 2200 pereqrinitati
1184 2131 1269 2202 quasi
1295 2128 1440 2184 ciuitatem
1469 2127 1539 2182 dari
1568 2126 1599 2180 id

897 2213 1005 2282 probro
1022 2221 1050 2268 et
1068 2215 1192 2268 crimini
1217 2212 1344 2285 profecto
1373 2219 1423 2267 est.
1454 2212 1491 2268 eft
1521 2211 1599 2264 enim

900 2298 976 2351 tllad
987 2304 1167 2367 praeteream
1182 2298 1302 2352 italicae
1323 2298 1439 2366 linquae
1454 2297 1599 2368 injurium

897 2382 962 2453 fieri
979 2390 1118 2454 tanquam
1134 2383 1225 2452 inopi,
1242 2383 1309 2437 dam
1323 2383 1361 2436 ad
1375 2390 1500 2436 cesterna
1514 2381 1598 2435 nulla

898 2469 1012 2521 ratione
1032 2466 1215 2537 conlimitat,
1248 2482 1313 2522 suos
1339 2481 1463 2537 quaeque
1494 2466 1598 2537 linquo

896 2549 980 2621 fiores
1010 2548 1101 2615 babel,
1124 2565 1177 2605 sua
1196 2551 1325 2615 lamina,
1345 2551 1466 2604 colorem
1491 2566 1596 2616 suum3

898 2634 974 2688 atsi
992 2632 1059 2688 baec
1078 2634 1158 2703 ipsa,
1179 2641 1204 2689 ct
1226 2649 1323 2688 eorum
1341 2634 1444 2705 formis
1463 2635 1503 2689 od
1522 2633 1599 2688 alie-

897 2732 965 2772 nam
985 2718 1116 2788 linquam
1136 2719 1270 2774 licentius
1296 2719 1488 2780 adduceris,
1513 2720 1598 2789 [tores

897 2803 1061 2867 intereunt,
1094 2805 1260 2858 sordescunt
1294 2804 1425 2867 liternino,
1459 2808 1600 2873 turpatur

897 2888 974 2943 color
985 2906 997 2951 3
1010 2889 1151 2960 siquidem
1170 2903 1354 2960 unaquaeque
1373 2890 1476 2959 linquo
1491 2890 1525 2942 in
1537 2888 1599 2944 sais

899 2973 990 3027 veluti
1007 2973 1127 3028 aedibus
1145 2989 1173 3029 se
1192 2988 1250 3028 esse
1269 2975 1415 3027 dominam
1445 2975 1518 3030 ceilt.
1546 2973 1601 3029 Ni-

899 3054 944 3110 liil
960 3072 1049 3126 porro
1069 3058 1102 3111 de
1122 3058 1161 3111 iis
1180 3059 1254 3120 dieto,
1271 3073 1358 3127 penes
1378 3073 1458 3128 quos.
1480 3072 1532 3111 nee
1546 3057 1600 3110 irn-

900 3144 1020 3202 merito,
1041 3142 1163 3196 italicae
1183 3142 1301 3212 linquae
1328 3142 1485 3196 arbitrium
1514 3149 1601 3195 ariteo

900 3226 990 3297 [nisse
1009 3227 1181 3291 ci’debatur3
1200 3233 1271 3281 nata
1290 3228 1365 3281 enim
1385 3228 1463 3297 apud
1476 3243 1522 3282 eos
1541 3226 1601 3297 lue·

901 3318 949 3366 rat
967 3319 1051 3384 atque
1064 3313 1281 3368 accuratissime
1296 3313 1420 3367 aielrita.
1436 3313 1522 3368 lisine
1536 3327 1602 3367 cero

902 3396 945 3454 vel
963 3412 1037 3466 pura
1058 3397 1121 3466 ipsa
1141 3403 1166 3451 et
1185 3398 1335 3451 emesedota
1348 3397 1442 3466 patrii
1457 3398 1601 3452 sermonis

902 3481 1040 3550 spretetais
1054 3481 1113 3551 lere
1132 3483 1163 3535 in
1182 3482 1353 3536 obliuionem
1370 3496 1456 3550 peries
1477 3483 1544 3536 illos
1557 3496 1604 3537 ue·

903 3566 968 3630 nit,·
986 3567 1057 3620 adeo
1077 3569 1169 3637 ipsam
1201 3584 1264 3622 cum
1294 3566 1404 3624 Gallici
1425 3568 1601 3636 pracsertim

903 3654 1044 3707 sermonis
1059 3654 1183 3722 spritaai
1190 3654 1389 3723 permiscendo
1398 3654 1602 3721 pessundant,

904 3741 987 3808 atquc
1006 3738 1093 3791 etitem
1112 3737 1295 3791 creberrimis
1325 3738 1486 3807 inquinant
1510 3738 1604 3794 solae·

904 3823 1025 3887 cismis,
1055 3826 1080 3874 et
1113 3821 1179 3874 licet
1208 3825 1300 3875 cetera
1319 3822 1428 3875 eruditi
1455 3828 1517 3877 tum
1549 3824 1605 3877 im·

900 3906 991 3975 polite
1010 3920 1043 3959 ac
1055 3905 1187 3959 mendose
1200 3906 1339 3966 scribant,
1354 3913 1384 3960 ut
1399 3907 1431 3959 in
1443 3905 1496 3963 boc
1510 3923 1606 3963 eaten-

904 3990 989 4045 etaloe
1008 3990 1148 4044 dictionis
1168 4004 1268 4060 qenere
1296 3992 1478 4062 reliquorum
1497 3995 1605 4049 ltaliae

906 4076 1022 4130 urbium
1041 4075 1196 4144 scriptores
1211 4075 1380 4146 plerumque
1400 4076 1483 4148 lonqe
1506 4079 1607 4148 pluri·

904 4174 980 4213 enum
998 4163 1155 4228 praestent.
1179 4159 1272 4228 Quam
1286 4162 1390 4214 merito
1403 4163 1607 4219 blazeotariut

906 4245 1037 4299 oratione
1058 4244 1110 4298 illa
1129 4261 1183 4300 suo
1201 4246 1239 4299 ad
1257 4244 1443 4303 Florentinos
1455 4250 1492 4303 dc.
1515 4251 1608 4305 linto-

906 4345 973 4386 rum
996 4330 1024 4384 in
1045 4328 1165 4384 Litteris
1185 4329 1355 4400 principatu
1371 4334 1530 4404 seuaqinta
1544 4338 1609 4407 pan

905 4415 993 4470 annis
1012 4413 1170 4484 scripserat
1191 4438 1202 4463 ι
1220 4414 1319 4471 Nolito
1340 4418 1400 4486 pali
1435 4418 1609 4489 putcherri-

908 4515 987 4555 mum
1009 4500 1141 4571 linguam
1165 4514 1218 4568 poi·
1239 4506 1368 4556 uestram
1392 4501 1544 4557 incutiam
1568 4508 1610 4559 ol·

908 4598 965 4654 quc
979 4582 1147 4639 socordiam
1160 4585 1345 4640 exnticsram
1358 4583 1610 4658 biheidarumquc

908 4683 1015 4725 vocum
1037 4667 1207 4739 iceqaomin
1230 4669 1447 4740 insolentiaque
1471 4672 1609 4729 belioac-

909 4754 994 4808 stsri.
1016 4755 1116 4810 Verum
1136 4753 1170 4807 de
1189 4755 1246 4809 isto
1261 4771 1369 4828 quoque
1386 4757 1549 4828 iemporam
1561 4758 1609 4812 in·

909 4835 1067 4891 clinatione
1086 4850 1120 4891 ao
1141 4836 1287 4906 tristitia,
1311 4840 1344 4892 in
1362 4856 1449 4911 qnam
1477 4843 1608 4898 tenebra·

915 4988 959 5049 qui
975 5000 1068 5035 nonren
1084 4985 1135 5035 sibl
1150 4984 1192 5035 lo.
1210 4987 1249 5041 nt.
1266 4988 1428 5041 Parthenias
1442 4994 1519 5057 [ecit.
1602 4962 1606 4973 Ι
