3458 5332
766 103 793 162 J.
826 102 863 165 1).
898 104 929 165 hl
944 107 970 168 A
984 102 1010 165 N
1025 104 1073 166 Sl
1622 125 1666 171 xv

170 230 194 272 e
218 209 322 272 media
353 208 547 288 antiquitatis
566 207 706 290 ealigine,
726 207 786 290 qua
806 196 903 275 obsita
922 194 1118 289 delituerunt,
1139 213 1169 275 iu
1189 219 1325 293 apertam
1346 214 1446 277 lucem
1466 214 1668 293 proteruntur.

168 305 310 367 Prodest
329 301 515 366 Bibliotheca
540 302 614 364 baec
638 319 734 364 novas
757 306 938 384 scriptorum
965 313 1105 367 veterum
1135 304 1283 366 editiones
1309 306 1522 383 molientibus,¹
1554 310 1670 388 priores

162 398 280 478 aperis
304 396 384 458 illius
405 394 614 473 evulgationes
634 395 801 457 indicando:
822 414 900 476 quae
920 398 989 461 addi
1010 415 1088 477 quae
1109 397 1244 473 detrahi,
1267 398 1347 459 unde
1367 416 1446 460 nova
1465 401 1558 479 accipi
1588 416 1670 462 com-

164 490 268 552 mode
289 494 417 568 possent
438 486 635 566 suggerendo.
657 489 769 549 Cautus
789 491 880 550 ctiam
897 492 1032 552 eruditos
1048 492 1141 551 efficit
1156 491 1194 552 ab
1210 509 1245 552 ea
1261 491 1447 571 deceptione,
1465 511 1555 571 quam
1574 496 1669 554 nomi-

165 600 252 645 num
276 579 445 642 similitudo
465 596 609 659 persaepe
631 580 754 641 inducit.
775 582 925 658 Aetatem,
940 585 1172 664 professionem,
1188 599 1373 663 eausamque
1398 585 1546 645 scribendi
1568 588 1671 664 singu·

166 676 277 736 lorum
304 672 469 734 authorum
494 671 718 769 debuit,·quod
746 675 990 737 commodumst
1019 675 1259 755 periucundum,
1287 680 1379 737 immo
1410 683 1442 738 et
1466 680 1670 739 necessarium

165 765 369 846 quandoque
391 764 561 849 legentibus
582 766 717 826 accidere
738 766 824 827 solet.
845 791 848 802 ·
1284 832 1286 836 ,

235 860 274 921 ld
297 875 354 938 ego
374 874 524 938 peraeque
537 875 608 921 cum
623 859 690 919 aliis
703 861 746 920 rei
761 860 922 922 litterariae
939 862 1082 924 studiosis
1104 863 1274 942 intelligens
1295 879 1396 923 amore
1417 861 1545 941 quodam
1567 869 1598 923 et
1618 880 1671 923 vo

166 955 299 1034 luptate
322 951 401 1013 trahi
423 967 473 1012 me
492 951 524 1010 in
545 951 625 1014 hunc
646 953 755 1014 librum
781 956 883 1028 sensi,
904 954 1070 1033 dolensque
1091 956 1135 1015 tot
1155 957 1292 1033 tantique
1313 958 1419 1035 praetii
1445 972 1582 1033 gemmas
1607 956 1670 1017 luto

166 1048 315 1127 quodam
338 1046 439 1120 infici,
471 1044 653 1124 colligendas
677 1063 732 1107 seu
753 1048 854 1125 potius
873 1047 1073 1128 detergendas
1095 1049 1160 1109 ilias
1187 1050 1283 1127 primo
1313 1048 1436 1126 quidem
1460 1048 1497 1108 ad
1519 1050 1669 1126 privatum

165 1138 378 1202 commodum
399 1156 502 1200 meum
530 1142 658 1218 suscepi.
674 1135 787 1214 Tune,
808 1157 873 1200 rem
895 1142 968 1203 mihi
992 1140 1154 1202 succedere
1174 1158 1228 1220 pro
1252 1147 1323 1200 voto
1349 1148 1516 1220 expertus,
1539 1143 1670 1220 cogitare

165 1237 281 1295 serius
302 1231 342 1293 de
362 1230 614 1298 communicando
635 1232 824 1293 labore'mea
843 1249 914 1293 cum
935 1234 1062 1295 eruditis
1081 1236 1174 1312 coepi.
1208 1234 1359 1295 Continuo
1389 1250 1499 1295 manus
1525 1233 1564 1295 ad
1594 1250 1670 1312 opus

165 1326 325 1400 admovr3
347 1324 446 1402 iisque
467 1339 542 1384 usus
562 1323 767 1394 adiumentis,
788 1325 827 1384 de
847 1325 959 1402 qulbus
980 1328 1104 1388 interius
1132 1326 1280 1386 disseram
1303 1326 1330 1387 id
1353 1326 1478 1388 demum
1504 1327 1614 1406 perfeci
1636 1332 1672 1387 ut

167 1418 369 1479 Bibliotheca
379 1415 453 1480 haec
468 1432 547 1477 novo
558 1423 664 1479 oruata
678 1417 935 1496 paludamentum
955 1420 1069 1480 ltaliam
1086 1425 1219 1479 nostram
1234 1420 1338 1480 maiori
1352 1421 1446 1498 gratia
1460 1425 1551 1497 atque
1571 1419 1673 1480 docto

167 1527 249 1573 rum
272 1510 412 1572 virorum
438 1510 540 1571 lavore
562 1508 744 1589 procederet.

234 1604 272 1677 in
289 1603 339 1662 his
354 1604 444 1682 igilur
456 1601 637 1664 adornandis
653 1620 744 1680 quam
763 1604 835 1664 mihi
850 1605 1226 1682 praestituerim'rationem
1243 1621 1325 1665 nune
1341 1605 1446 1683 paucis
1458 1603 1669 1682 exponendum

167 1705 236 1758 est.
261 1696 453 1773 Quamquam
486 1697 666 1774 scriptorum
687 1696 807 1757 turbam
828 1697 915 1777 plane
936 1700 1089 1777 ingentem
1110 1700 1140 1758 in
1162 1713 1250 1776 opere
1272 1697 1328 1758 hoc
1359 1714 1415 1758 suo
1439 1693 1600 1757 Fabricius
1627 1696 1671 1754 in-

172 1790 318 1862 struxit;
338 1788 426 1867 longe
446 1795 549 1850 tamen
572 1784 667 1849 multo
687 1789 790 1868 plures
810 1793 1014 1869 praetermissi
1036 1796 1118 1866 sunt,
1139 1807 1216 1868 quos
1236 1792 1302 1850 sive
1323 1808 1361 1850 ex
1384 1793 1515 1851 vetustis
1535 1789 1672 1850 editioni·

172 1882 248 1958 bus,
271 1882 341 1943 sive
362 1899 399 1942 ex
420 1882 501 1943 MSS.
519 1880 679 1943 Codicibus
699 1881 868 1944 adsciscere
888 1884 962 1944 mihi
982 1896 1110 1963 pronum
1132 1883 1248 1943 luisset.
1260 1881 1306 1943 hh
1328 1884 1364 1943 iis
1379 1891 1480 1943 tamen
1497 1883 1559 1943 lere
1576 1884 1672 1943 omni-

171 1975 238 2039 bus
259 1974 413 2037 abstinere
435 1976 531 2037 satius
551 1974 645 2049 duxi,
666 1977 828 2052 utpotecui
849 1976 932 2037 nulla
951 1979 1026 2037 satis
1043 1976 1149 2037 idonea
1170 1977 1245 2036 ratio
1265 1976 1469 2050 succurrebat,
1491 1992 1581 2054 quam
1603 1976 1670 2035 aliis

175 2070 329 2130 admissis
348 2068 422 2129 alios
443 2066 648 2146 repudiarem3
670 2067 929 2129 indiscriminatim
951 2086 1023 2130 uera
1043 2085 1150 2130 omnes
1171 2067 1318 2129 invehens
1338 2085 1391 2146 pro
1412 2085 1447 2128 eo
1467 2067 1547 2145 quod
1568 2065 1672 2127 mode·

178 2167 252 2221 rato
271 2159 476 2222 additamento
496 2159 711 2221 Bibliotheeam
737 2161 941 2227 Fabricianam
972 2178 1150 2237 amassem,
1172 2163 1326 2222 nimietate
1350 2162 1434 2240 gravi
1464 2161 1545 2221 illam
1570 2161 1670 2240 potius

179 2254 424 2332 oppressissem3
445 2268 545 2331 neque
566 2259 640 2313 tunc
661 2252 697 2312 ad
719 2249 857 2314 Fabricii
884 2252 1097 2316 Bibliotherorn
1124 2253 1291 2315 addit-iones
1312 2270 1415 2331 meas,
1437 2253 1491 2314 sed
1512 2253 1548 2315 ad
1571 2269 1669 2314 meam

176 2346 285 2422 potius
306 2345 497 2406 Fabricianas
510 2344 672 2406 dedissem.
686 2347 730 2408 Eo
753 2348 842 2424 igitur
866 2351 989 2410 consilio
1006 2348 1160 2427 augendae
1187 2349 1366 2425 scriptorum
1386 2348 1514 2408 familiae
1532 2349 1561 2407 in
1585 2363 1672 2425 prae-

179 2454 258 2501 seus
280 2438 394 2498 omisso
414 2439 483 2515 (nisi
504 2438 584 2518 quod
606 2440 659 2500 uni
680 2438 730 2499 vei
751 2439 838 2500 alteri
860 2438 888 2499 id
909 2438 1022 2520 gratiae
1038 2441 1143 2502 datum
1164 2446 1212 2502 est
1232 2439 1339 2501 idonea
1355 2441 1454 2518 aliqua
1476 2442 1590 2500 ratione
1602 2456 1672 2502 sua-

179 2532 286 2608 dente)
310 2529 482 2609 rejectoque
503 2549 538 2592 eo
555 2530 759 2592 additamento
775 2532 813 2593 ad
834 2532 1088 2611 supplementum,
1109 2533 1189 2612 quod
1210 2532 1246 2593 ad
1265 2532 1388 2611 tempus
1409 2535 1510 2612 aptius
1531 2549 1669 2610 reserv03

180 2643 232 2687 me
244 2632 346 2686 totum
361 2626 437 2685 iutra
449 2624 505 2685 hos
516 2624 745 2701 fiueseontrari,
755 2631 790 2685 ut
799 2626 968 2705 catalogum
978 2625 1148 2688 libroruma
1166 2627 1294 2704 singulis
1310 2626 1506 2710 scriptoribus
1515 2627 1672 2702 editomm,

180 2721 209 2779 si
225 2735 321 2798 quem
333 2719 410 2779 forte
421 2734 563 2779 mancum
574 2717 653 2796 apud
665 2715 842 2778 Fabricium
857 2727 964 2781 nactus
979 2721 1046 2780 sum
1058 2721 1176 2796 (nactus
1189 2725 1290 2780 autem
1302 2736 1371 2779 sum
1383 2735 1443 2779 non
1456 2719 1671 2796 infrequenter)

181 2830 279 2891 quam
295 2812 524 2873 accuratissime
539 2810 713 2889 perficerem
728 2817 820 2890 atque
834 2813 1015 2891 supplerem.
1030 2814 1154 2877 Certum
1170 2820 1292 2891 tempus
1306 2829 1366 2891 quo
1386 2814 1549 2892 scriptores
1564 2813 1604 2873 illi
1618 2812 1672 2873 lio-

184 2912 318 2969 ruerunt
338 2905 506 2980 delinirem
527 2906 746 2983 distinguerem
760 2907 879 2967 uomina
895 2913 927 2967 et
941 2907 1032 2968 libros
1047 2907 1084 2967 ibi
1098 2907 1250 2980 eonius0s3
1265 2903 1374 2965 menda
1390 2906 1578 2983 corrigerem,
1592 2921 1671 2981 quae
1710 2896 1719 2913 ⁹

179 3003 292 3078 utique
317 2998 469 3059 mendosi
489 2999 632 3059 hrevihus
654 2999 826 3080 indigebant
847 3000 896 3060 vol
917 3001 948 3060 in
970 3001 1033 3078 ipso
1048 3006 1144 3074 textu,
1159 2999 1208 3060 vei
1223 2997 1324 3060 addita
1345 2996 1382 3058 ad
1400 2999 1566 3076 marginem
1585 2997 1671 3058 brevi

181 3099 258 3153 nota
270 3093 388 3153 correxi
399 3111 410 3166 ,·
426 3108 503 3170 quae
521 3108 592 3152 vero
612 3108 646 3152 se
668 3093 758 3153 latius
775 3093 965 3171 proferebant
975 3090 1167 3153 adnotatione
1190 3099 1223 3153 ut
1241 3093 1355 3170 reliqua
1377 3092 1478 3151 omnia
1501 3088 1669 3150 emendavi.

252 3187 286 3247 In
310 3187 416 3263 primis
437 3202 508 3245 vero
529 3186 675 3245 rationem
697 3184 865 3246 habendam
884 3184 1016 3263 judicavi
1048 3185 1086 3247 de
1117 3186 1182 3246 loco
1202 3203 1262 3263 quo
1282 3181 1451 3247 recudenda
1471 3188 1558 3258 erat,
1579 3179 1668 3242 etde

182 3279 314 3341 authore
324 3281 376 3356 qui
394 3278 450 3338 sihi
464 3295 532 3338 eam
550 3279 733 3357 provinciam
743 3279 943 3340 Bibliothecae
954 3278 1045 3340 huius
1058 3278 1253 3358 expoliendae
1267 3282 1484 3356 assumpserat,
1495 3274 1532 3335 de
1544 3290 1593 3335 me
1605 3275 1669 3352 ipso

181 3372 325 3447 scilicet3
351 3387 385 3431 ac
405 3370 443 3429 de
464 3370 558 3430 ltalia.
579 3370 835 3433 heterodoxorum
857 3373 951 3433 sacris
971 3371 1089 3433 addicto
1109 3369 1251 3432 Fabricio
1279 3371 1422 3431 nonnulla
1443 3368 1620 3430 exciderunt
1637 3370 1669 3428 in

181 3462 355 3525 Ecclesiam
377 3462 576 3537 catholicam,
598 3464 626 3522 iu
646 3479 747 3525 sacros
768 3464 925 3538 homines,
946 3473 1037 3544 atque
1054 3468 1085 3526 in
1100 3481 1237 3527 summos
1256 3465 1407 3525 Romanae
1427 3462 1580 3524 Ecclesiae
1605 3460 1668 3521 hie

187 3574 292 3618 rarcas
316 3557 417 3634 iniqua
438 3563 469 3617 et
484 3557 638 3631 iniuriosa,
654 3555 727 3618 haec
744 3559 769 3617 si
783 3559 872 3619 unico
883 3558 975 3620 verbo
984 3558 1230 3637 expediebantur,
1241 3556 1359 3618 authori
1371 3553 1554 3615 heterodoxo
1571 3552 1669 3614 indui·
1713 3615 1717 3625 ,

191 3648 291 3728 gendo
304 3650 418 3710 censui.
440 3650 607 3710 Potuissem
620 3649 694 3710 haec
705 3650 805 3729 inipso
816 3667 906 3729 opere
922 3667 1103 3731 expungere,
1115 3657 1218 3729 utpote
1228 3665 1305 3728 quae
1316 3646 1352 3710 ad
1364 3650 1406 3708 rei
1417 3662 1569 3708 summam
1584 3647 1670 3704 mini-

185 3743 444 3822 mepertinerent3
467 3742 598 3821 religioni
617 3748 718 3803 tamen
738 3741 812 3804 duxi
834 3761 872 3804 ne
893 3743 965 3822 quid
985 3743 1157 3805 huiusmodi
1168 3743 1303 3815 molirer,
1317 3739 1448 3800 invidiae
1458 3737 1537 3821 apud
1553 3738 1670 3798 hetero-

184 3835 284 3895 ‹loxos
304 3834 499 3896 declinandae
519 3835 613 3912 gratia
628 3853 637 3909 3
653 3850 692 3894 ne
713 3835 784 3897 mihi
805 3837 884 3916 apud
908 3837 974 3898 iilos
995 3833 1055 3896 doli
1075 3836 1145 3896 mali
1167 3836 1368 3914 suspicionem
1398 3848 1541 3892 crearem.
1564 3831 1670 3892 Caete-

185 3944 254 3989 rum
276 3929 369 3988 veiim
389 3927 515 3988 credant
534 3926 645 3988 eruditi
667 3944 715 3988 me
736 3929 785 3990 illa
805 3931 905 3990 omnia
925 3930 1111 4008 petulantius
1132 3931 1163 3989 in
1184 3945 1234 4011 res
1260 3934 1379 3987 nostras
1405 3925 1486 3986 dicta
1512 3941 1551 3984 ex
1577 3920 1668 3982 eorde

186 4020 339 4082 detestari.
361 4020 440 4093 Quin
461 4027 493 4081 et
523 4021 552 4079 in
574 4037 664 4098 opere
681 4018 745 4097 jam
766 4021 888 4083 audem
909 4022 1011 4085 italico
1032 4029 1063 4083 et
1083 4022 1121 4083 ah
1141 4022 1262 4082 homine
1282 4019 1434 4081 catholico
1457 4021 1561 4077 curato
1582 4012 1669 4074 aliter

188 4113 261 4176 haee
285 4116 379 4194 arcipi
400 4114 489 4190 volo;
510 4131 545 4175 ac
565 4114 635 4175 olim
664 4116 694 4173 in
718 4131 808 4192 opere
831 4116 985 4194 scriptoris
1015 4115 1189 4177 heterodoxi
1213 4110 1489 4189 hamburgensibus
1513 4110 1595 4186 typis
1616 4125 1669 4168 ex-

192 4214 328 4286 prompta
347 4205 503 4267 sonabant.
526 4205 650 4286 Papab'a
670 4206 800 4287 tyranni,
823 4209 852 4267 in
874 4224 925 4269 ore
945 4209 1151 4281 Protestantis,
1170 4222 1250 4267 nuuc
1271 4197 1393 4284 perinde
1414 4204 1516 4263 valere
1533 4200 1670 4278 jubecac

184 4299 271 4375 iuxta
284 4306 316 4360 et
337 4298 491 4360 moderata
510 4299 664 4361 Ecclesiae
684 4300 869 4379 gubernatio,
892 4298 1112 4362 Cotbolicorum
1133 4296 1306 4378 superstitio
1324 4298 1364 4357 sit
1379 4311 1533 4357 sacrorum
1550 4294 1664 4354 rituum

191 4392 399 4472 Apostolorum
419 4398 450 4451 et
471 4393 584 4453 veteris
604 4390 756 4454 Ecclesiae
777 4395 954 4456 auctoritate
974 4392 1166 4471 probatomm
1188 4391 1359 4470 religiosum
1377 4397 1408 4449 et
1418 4393 1562 4448 constans
1582 4386 1668 4446 obse-

193 4489 302 4562 quium.
325 4486 356 4546 Si
378 4485 453 4545 iorte
473 4490 574 4544 amen
603 4483 754 4547 interdum
776 4500 836 4544 uon
857 4485 957 4546 verbis
987 4484 1195 4546 tantummodo
1227 4484 1280 4545 sed
1312 4481 1477 4542 rationibus
1511 4480 1667 4541 nobiscum

195 4577 341 4656 agendum
363 4574 526 4637 Fabricius
548 4578 680 4652 censuit,
702 4583 775 4639 tunc
797 4579 826 4636 in
848 4576 1089 4638 adnotationibus
1110 4578 1185 4638 meis
1202 4579 1333 4637 rationes
1347 4574 1512 4635 rationibus
1527 4572 1666 4651 opposui;

195 4671 440 4748 exultantemque
461 4669 668 4732 adversarium
690 4671 864 4748 scriptorem
887 4672 1013 4732 coercui.
1036 4669 1202 4731 Fatendum
1215 4656 1272 4729 'est
1292 4675 1394 4728 tamen
1415 4666 1567 4726 moderata
1597 4680 1667 4724 cou-

196 4763 254 4825 silia
274 4761 452 4825 Fabricium
472 4764 651 4842 plerumque
673 4765 768 4840 sequi,
789 4764 840 4840 qui
863 4779 936 4825 vero
956 4763 1169 4825 Bibliothecam
1190 4763 1256 4822 eius
1276 4760 1404 4821 absolvit
1427 4755 1666 4835 Sebactteqenius
