3458 5332
122 449 130 469 .
190 414 277 475 hodie
302 414 331 473 in
353 415 442 494 Regia
457 414 547 475 Paris.
564 410 911 494 emesenumpooaur
962 415 1064 494 Regis,
1080 414 1133 493 qui
1149 411 1326 474 Hiberniam
1339 407 1497 488 coniunxit
1507 424 1582 471 cum
1591 406 1698 487 Anglin

189 508 227 571 ad
251 506 458 569 Alexandrum
477 509 524 569 lv.
552 506 684 587 Papam,
704 506 743 569 ad
764 507 909 569 Thomam
962 512 995 569 34
1006 505 1143 568 4444434444
1158 505 1227 584 (qui
1239 503 1328 565 Anno
1343 504 1421 566 4489
1433 504 1566 565 44344444
1583 502 1609 564 ll
1628 518 1697 565 344-

189 602 371 680 Episcopum
380 599 844 679 Bethlemitanum‚llpnstolicae
857 601 912 662 Se-
962 601 1072 676 cessit)
1093 600 1131 661 ab
1150 596 1208 659 An.
1233 597 1312 659 4470
1331 596 1370 658 34
1395 592 1536 657 4444443444
1565 603 1696 657 mortem

190 693 237 755 4443
258 696 420 771 Legatum,
447 693 486 755 ad
505 694 688 756 Guilelmum
709 693 910 755 4344444434
962 692 1021 755 44.
1033 693 1109 755 4499
1120 692 1180 753 448.
1192 692 1224 751 in
1234 690 1421 752 cottoniana.
1435 686 1533 752 Vitam
1550 687 1692 768 44444444,

190 788 493 866 Hierosolymitenum
514 795 545 848 34
565 788 603 848 ad
629 788 666 849 G.
689 789 820 849 Priorem
840 788 911 848 Fra-
963 786 1188 849 cantuariensis
1199 782 1337 863 Archiep.
1348 784 1510 863 separatim
1521 784 1692 862 scripsimc,

158 928 163 935 .
191 888 273 942 trum
289 881 529 942 Praedicatorum
549 880 823 958 montispessulani,
838 895 910 942 cum
963 886 1083 960 praeter
1098 894 1134 939 33
1153 895 1231 956 quae
1248 877 1286 938 de
1301 893 1338 938 34
1352 878 1387 937 in
1408 879 1505 955 gestis
1526 876 1691 937 4434444441

189 974 324 1053 Epistola
333 975 368 1036 G.
380 976 603 1037 lemovicensis
614 974 752 1052 Episcopi
763 988 840 1050 ,qua
855 974 912 1033 Be·
964 973 1153 1046 memoravit,
1167 976 1199 1031 et
1212 969 1248 1030 dc
1264 970 1330 1050 ejus
1336 974 1547 1049 postmortem
1559 970 1694 1031 444444444-

191 1067 310 1129 nedicto
325 1069 436 1147 gratias
455 1068 528 1146 agit,
544 1067 712 1146 publicatae
732 1070 836 1127 sunta
855 1066 912 1125 Ba-
965 1064 1022 1143 444,
1038 1067 1155 1127 44443343
1172 1081 1239 1144 pag.
1254 1063 1308 1126 274
1327 1069 1431 1125 auctor
1446 1069 1511 1140 334,
1528 1070 1613 1125 teste
1628 1064 1692 1127 lau·

191 1162 270 1222 lunio
284 1168 355 1221 tom.
368 1161 405 1220 vl
416 1160 577 1221 ldiscellan.
590 1176 657 1238 pag.
669 1159 727 1219 349
741 1175 805 1236 seq.
818 1173 910 1237 quem
964 1158 1035 1220 dato
1045 1158 1192 1220 Guilelmo
1206 1156 1376 1235 Stephanio.
1387 1156 1571 1235 Elegantem
1581 1157 1689 1219 librum

189 1254 259 1315 vide
280 1255 323 1314 sis
343 1255 434 1314 etiam
455 1270 521 1332 pag.
539 1254 598 1315 566
618 1269 681 1330 seq.
699 1252 783 1330 plura
799 1250 839 1311 de
854 1251 910 1311 hcc
963 1258 1053 1314 vocat
1070 1250 1220 1313 Lelandus
1239 1267 1305 1329 cap.
1325 1251 1395 1313 489.
1413 1248 1504 1330 llpud
1525 1253 1686 1313 Bemniuvn

132 1347 135 1353 '
189 1347 350 1411 Benedicto
363 1345 480 1406 erudite
497 1352 679 1407 monentem.
693 1342 912 1426 Epistolomod
963 1352 1065 1408 autem
1079 1342 1116 1405 ad
1131 1344 1254 1404 Annum
1268 1343 1346 1405 4462
1361 1360 1420 1404 non
1436 1344 1564 1405 invenio
1578 1346 1688 1405 eumin

189 1439 392 1501 lanceatam
413 1419 463 1501 44).
480 1440 597 1517 Papam
611 1437 648 1498 dc
665 1435 759 1498 444444
772 1437 865 1517 perdo
878 1436 911 1498 in
963 1440 1106 1502 Vaticana
1117 1440 1378 1514 44843443434443,
1391 1452 1563 1516 vereorque
1579 1454 1621 1498 nc
1631 1454 1688 1498 mc·

190 1541 275 1597 terra
288 1537 393 1593 344444
405 1578 413 1610 ,
427 1550 519 1611 quam
532 1533 579 1592 bis
588 1531 762 1593 44441236
781 1536 813 1592 34
831 1531 908 1592 4253
964 1533 1057 1593 moria
1070 1530 1206 1592 fefellerit
1218 1528 1369 1592 Oudinum
1383 1535 1457 1590 tom.
1469 1530 1513 1608 44,
1526 1546 1596 1608 pag.
1613 1531 1686 1592 4644

188 1627 261 1689 adiit
271 1674 279 1704 ,
290 1627 442 1705 vulgatae
459 1623 602 1685 bachario
616 1631 688 1685 tam.
701 1625 752 1685 vll
767 1623 909 1703 spicilegii
964 1626 1066 1704 illique
1080 1624 1261 1687 obversatus
1277 1625 1319 1683 sit
1336 1639 1416 1684 unns
1435 1639 1475 1683 ex
1492 1622 1686 1707 scriptoribus

187 1739 254 1802 pag.
275 1721 334 1781 225
354 1726 386 1781 34
406 1718 535 1779 tom-lli
554 1733 649 1778 novae
669 1715 741 1777 edit.
761 1733 827 1796 pag.
848 1716 909 1777 628
964 1722 1044 1781 vitae
1064 1717 1156 1797 hujus
1182 1717 1313 1800 Thomae
1333 1715 1372 1776 de
1392 1716 1504 1795 quibus
1528 1717 1685 1796 supra,in

188 1815 238 1876 ubi
253 1820 376 1877 notante
390 1815 454 1891 ipso
470 1812 591 1872 Baluzio
601 1811 680 1871 male
694 1812 724 1871 in
741 1810 829 1870 444444
839 1810 909 1888 Epi·
964 1815 1059 1877 Alana
1074 1812 1196 1874 Albreto
1217 1827 1283 1891 pag.
1297 1811 1336 1871 36
1352 1817 1384 1871 34
1400 1826 1478 1889 quos
1494 1811 1526 1870 in
1543 1812 1682 1872 43444444

188 1910 282 1968 stolae
293 1906 408 1968 editum
419 1907 457 1966 44.
466 1902 609 1985 Episcopi
615 1902 908 1978 Hersilien-smum
961 1906 1224 1983 obvios‚llaronius
1234 1903 1367 1965 relertad
1385 1902 1534 1965 4444462
1543 1920 1628 1963 num.
1637 1903 1679 1964 24.

188 1999 348 2079 legendum
365 2001 406 2059 sit
418 2002 451 2060 Β.
467 2006 560 2077 atque
587 1996 768 2058 Benedictus
784 1999 841 2057 iste
856 1994 908 2055 de·
1001 1999 1263 2062 *BENEDICTUS
1277 1997 1328 2075 (De
1338 1996 1459 2072 4444343)
1470 1994 1508 2057 dc
1518 1992 1678 2056 Plumbinn

188 2100 316 2155 notetur.
961 2095 1036 2156 Eius
1047 2094 1183 2171 quaestio
1196 2091 1346 2170 disputata
1364 2091 1514 2151 Bononiae
1543 2088 1583 2150 de
1608 2104 1679 2149 anno

128 2240 135 2251 ,
224 2187 465 2249 BEbEDlGTUS
475 2183 576 2246 Abbas
586 2180 825 2258 Mediolauetut'b
834 2181 906 2250 0441.
962 2170 1186 2249 sessiacense
1202 2184 1359 2243 divisionis
1379 2182 1575 2243 haereditatis
1591 2189 1679 2262 puter·

185 2279 383 2353 benedictini,
398 2277 468 2339 vide
481 2276 682 2339 llabillonium
696 2272 905 2354 appendincad
961 2298 1018 2342 nae
1035 2282 1113 2340 inter
1129 2278 1205 2339 lilios
1230 2292 1345 2338 excusa
1370 2281 1419 2337 est
1447 2277 1587 2337 vetustis
1606 2275 1678 2355 tpp's

62 2392 72 2407 ¹
185 2373 346 2434 Saeculum
364 2372 414 2432 iv.
429 2370 615 2432 Benedictio.
960 2374 1024 2434 1000
1044 2378 1076 2433 et
1096 2384 1174 2432 anno
1194 2372 1317 2430 incerto.

223 2464 464 2531 BENEDICTUS
490 2461 526 2522 do
563 2461 806 2541 bonisiacense,
834 2460 905 2522 Ord.
998 2458 1677 2542 844404644484444444444444,4444334464·

185 2556 289 2619 443344.
308 2559 388 2617 44443
415 2554 472 2616 44.
493 2556 572 2617 4348
592 2557 713 2634 scripsit
740 2552 907 2617 chronicon
960 2562 1073 2621 mensis
1089 2560 1130 2619 F?
1138 2560 1216 2617 inter
1230 2558 1320 2619 JCtos
1336 2553 1474 2617 doctore
1493 2550 1616 2617 34444444
1630 2572 1676 2617 no

186 2645 317 2713 Coeoobi
330 2647 458 2710 llontoni
467 2646 641 2708 omniolium
651 2649 682 2709 S.
696 2647 783 2709 84444·
793 2648 830 2708 ab
846 2648 904 2708 An.
959 2671 1029 2715 men
1049 2656 1249 2726 consecutus,
1267 2650 1380 2709 Patavii
1406 2647 1437 2707 in
1464 2650 1563 2727 patria
1584 2648 1678 2711 docuit

186 2743 263 2806 4220
282 2741 319 2803 ad
337 2758 393 2803 sua
409 2748 563 2819 tempora,
577 2738 676 2802 adhuc
692 2739 851 2815 ineditum,
866 2758 905 2802 ex
958 2764 1013 2826 per
1027 2760 1122 2806 annos
1139 2743 1269 2822 amplius
1283 2743 1420 2821 triginta,
1436 2741 1539 2802 clarus
1559 2740 1676 2803 Annum

183 2852 244 2916 quo
266 2836 433 2914 fragmenta
458 2834 538 2913 apud
565 2835 758 2895 4434443444
783 2835 905 2895 Mariam
959 2840 1046 2902 4440.
1062 2837 1135 2900 vide
1150 2838 1283 2898 44344444
1298 2836 1453 2898 Mantuam
1469 2835 1510 2896 ds
1523 2836 1678 2915 scrispug.

183 2928 816 3008 444434444444344443444344443443444444
829 2933 907 2987 tem-
962 2934 1031 2995 454.
1272 2946 1275 2951 ·

184 3025 237 3104 plo
247 3023 327 3085 illius
336 3024 520 3098 4444334344,
531 3022 611 3084 edila
621 3023 723 3083 ltalice
731 3023 806 3082 44444
827 3020 901 3083 4644
998 3026 1188 3087 84444Ἑῦ464
1195 3025 1243 3087 US
1258 3026 1368 3085 4444444
1386 3022 1542 3085 Ecclesiae
1559 3024 1592 3086 S.
1607 3022 1679 3085 Petri

187 3120 280 3197 lpag.
297 3118 336 3178 35
350 3118 389 3178 39
400 3117 437 3177 40
449 3117 496 3177 44.
509 3133 572 3194 seq.
587 3122 619 3176 et
631 3114 710 3193 apud
721 3117 784 3176 434.
794 3112 908 3177 4444444-
958 3118 1142 3193 canonicus,
1161 3119 1285 3197 scripsit
1296 3124 1327 3178 et
1343 3116 1473 3177 Gvidoni
1490 3114 1529 3177 de
1543 3115 1679 3191 63343444,

184 3211 258 3273 dum
268 3210 412 3271 tumide
421 3209 616 3289 scriptoribus
625 3206 906 3287 Dominicanisptld
957 3212 1109 3275 cardinali
1125 3212 1156 3272 S.
1176 3212 1265 3271 443444
1285 3208 1494 3289 (postmodum
1515 3207 1576 3270 An.
1597 3208 1680 3271 4440.

184 3313 217 3367 34
233 3307 290 3366 4436
304 3321 368 3382 seq.
383 3303 435 3363 ubi
451 3308 582 3363 testatur
598 3303 799 3362 instrumenta
810 3300 907 3379 plera-
957 3308 1053 3387 Papae
1074 3304 1245 3367 Caelestino
1257 3305 1299 3378 ll)
1315 3303 1428 3363 dicavit
1444 3302 1555 3364 librum
1572 3300 1610 3364 de
1625 3300 1678 3362 lie-

185 3415 246 3477 que
260 3400 375 3475 integra
389 3400 418 3455 in
432 3396 480 3456 illo
493 3396 591 3457 afferri
604 3401 670 3455 tum
682 3395 905 3473 privilegiorum
959 3399 1128 3461 4434434444
1146 3396 1255 3460 Ordine
1269 3396 1359 3457 444444
1371 3395 1463 3473 anni,
1478 3402 1508 3457 34
1519 3394 1679 3477 praecipuo

183 3507 395 3551 concessorum
416 3505 433 3548 3
457 3488 668 3564 Pontificibus,
688 3494 754 3549 tum
775 3487 907 3547 donatio-
958 3489 1440 3574 Apostob'coedipoitotisetlotius
1452 3488 1678 3569 servenequam

186 3601 259 3645 num
280 3590 312 3643 ct
331 3582 457 3642 aliarum
478 3580 671 3660 adeptionum
692 3597 710 3641 a
729 3580 908 3642 monialibus
959 3587 1038 3647 inter
1051 3586 1125 3647 alios
1141 3585 1231 3645 libros
1246 3584 1284 3645 de
1301 3582 1408 3644 ritibus
1428 3584 1584 3645 Ecclesiae
1598 3586 1678 3645 44444.

186 3682 354 3756 partarum.
960 3678 1096 3759 vulgavit
1110 3679 1156 3738 lo.
1169 3676 1357 3738 llabillonius
1369 3682 1440 3736 tom.
1458 3675 1495 3735 ll.
1511 3677 1609 3739 llusei
1621 3678 1677 3737 lta-

227 3769 468 3831 BENEDlGTUS
489 3764 654 3829 4444444443
678 3767 789 3828 Nobilis
813 3769 909 3828 Bono-
961 3774 1028 3849 lici,
1045 3772 1138 3833 Paris.
1157 3772 1250 3848 4689,
1268 3771 1286 3830 4
1303 3786 1370 3850 pag.
1388 3769 1538 3833 448464.

190 3861 426 3941 niensis,cujus
443 3860 546 3922 Oratio
559 3858 746 3922 mandens
758 3858 907 3929 84444444
1000 3861 1680 3941 48444464088444,44443034444443443

185 3961 307 4037 (contra
328 3956 497 4031 Sonenscs)
529 3954 691 4035 posthuma
719 3952 828 4034 prodiit
853 3956 909 4014 Bo*
960 3959 1009 4021 dio
1026 3959 1145 4021 saeculo
1158 3957 1274 4020 decimo
1290 3958 1410 4035 quinto,
1424 3955 1533 4017 eodem
1549 3973 1611 4034 quo
1627 3959 1679 4018 lte-

184 4050 381 4113 4444334484
413 4050 440 4109 4.
457 4050 542 4110 Rom.
564 4048 651 4109 4689.
670 4046 795 4125 mutila,
816 4051 907 4124 atque
961 4054 1099 4131 padicius
1118 4050 1316 4131 naymundus
1335 4058 1483 4129 tempore,
1500 4066 1540 4110 ex
1560 4066 1623 4128 qua
1640 4049 1680 4110 ia-

185 4146 296 4206 iterum
310 4145 458 4204 Bononiae
477 4143 563 4205 4646.
577 4141 650 4202 Vide
664 4142 797 4202 Diarlum
810 4137 909 4200 erudi·
961 4146 1043 4207 milia
1058 4145 1160 4225 plures
1176 4146 1289 4206 Patavii
1305 4143 1439 4204 celebres
1454 4158 1515 4204 non
1533 4142 1682 4204 medalu·

187 4246 286 4299 torum
308 4236 410 4298 ltaliae
430 4241 493 4295 tom
525 4237 584 4310 Xl,
605 4252 671 4314 pag·
693 4234 752 4294 325
772 4248 835 4307 soq-
857 4230 908 4290 ubi
961 4234 1681 4316 riscnnsulti,sedllediciquoqueenituerc.llide

187 4334 278 4393 etiam
299 4330 337 4391 dc
358 4328 475 4391 duabus
486 4326 558 4406 ‚ejus
579 4330 609 4390 iu
632 4331 772 4389 4344344.
791 4323 907 4384 Vallem
961 4331 1571 4410 Nic,comneniGymnasiumpntavinum
1581 4328 1681 4405 rom,

185 4426 360 4498 invectivis,
373 4423 483 4500 quibus
500 4420 653 4500 respondit
670 4418 752 4481 Valla
768 4434 834 4497 pag.
849 4417 907 4478 446
962 4443 1027 4506 pag,
1043 4427 1100 4488 454
1117 4433 1149 4485 ec
1166 4426 1235 4485 364.

66 4550 73 4567 ·
186 4535 249 4597 seq.
267 4520 413 4596 Operum.
1000 4518 1240 4581 BEllElllCTUS
1255 4514 1428 4580 Stendulde
1445 4518 1558 4595 Hallis,
1576 4518 1682 4579 4444444

225 4610 463 4672 BENEDlCTUS
472 4626 510 4669 ex
521 4610 620 4669 Priore
630 4606 837 4668 cantuariensi
848 4602 907 4665 Ab·
961 4615 992 4675 s,
1010 4614 1180 4691 Scripturas
1196 4619 1227 4671 et
1247 4612 1418 4673 eanonicus
1434 4612 1469 4678 Β,
1489 4612 1601 4672 Mariae
1620 4610 1684 4672 vir-

185 4704 240 4763 bus
254 4700 513 4779 Petroburperuis,
526 4700 628 4761 Ordin.
639 4697 822 4760 benedictini
834 4699 907 4759 scri·
961 4708 1038 4786 ginis
1050 4704 1138 4783 cujus
1150 4705 1233 4766 Mssa
1246 4710 1369 4764 exstant
1382 4704 1413 4762 in
1426 4702 1505 4763 nihl.
1514 4701 1684 4765 4444443434

187 4794 573 4876 psitcbronicondcpeslis
584 4791 904 4871 Henricill.*Angliae
959 4800 1254 4877 voluminaquinque
1264 4798 1357 4857 torma
1368 4798 1453 4875 parvi
1468 4795 1685 4873 lolii,Lactoru

959 4892 990 4954 44
1007 4891 1143 4971 6344444,
1156 4892 1212 4954 lin.
1226 4892 1302 4954 4464
1319 4888 1516 4965 inlinendum
1531 4888 1591 4951 An.
1606 4887 1680 4951 4464

229 5009 239 5030 ·
258 5007 399 5070 svamm
410 5021 487 5072 ,um
501 5012 536 5063 p..
547 5008 693 5074 mmm„
703 4946 802 5061 m,
812 5021 838 5071 p.
847 5004 904 5059 ald.
959 4985 990 5046 in
1005 4983 1178 5063 4444444444,
1192 4983 1227 5047 ll.
1244 4982 1321 5047 4467
1334 4983 1365 5043 in
1378 4982 1542 5061 Numeros,
1555 4980 1593 5046 Δ.
1608 4981 1683 5046 titt
