3464 5318
681 309 980 373 ALBERTUS
1545 316 1584 377 49

112 416 128 453 4
147 418 187 480 Et
203 434 242 479 ex
259 424 330 479 tom.
347 419 374 497 l,
390 418 456 482 476.
852 424 1004 501 Gaveiquo
1020 421 1223 500 diligentiam,
1251 430 1334 485 esset
1360 429 1460 487 actum
1482 444 1580 505 agere.

113 508 362 574 Bartholomaeus
387 511 523 575 Albitius
551 514 719 597 Waddingo
745 518 798 581 44·
851 518 934 589 Quae
950 522 1052 578 autem
1072 519 1100 576 io
1118 517 1224 577 eadem
1244 535 1303 577 non
1321 518 1520 581 obvialucem
1537 520 1583 581 vi·

71 602 186 685 bisalis,
209 607 260 685 qui
281 623 360 668 anno
382 608 454 669 4464
477 608 556 671 inter
581 612 796 673 Franciseanos
851 609 961 671 derunt
977 609 1034 671 sub
1050 608 1169 671 dicuini
1189 611 1323 687 nomine,
1339 612 1427 690 plura
1455 619 1580 691 sunt,e

69 700 149 761 Pisis
179 701 260 762 obiit.
278 700 305 763 4
323 698 493 781 Waddingo
518 706 609 767 ctiam
635 704 708 767 aliae
721 692 795 781 'equs
849 703 960 781 quibus

68 792 299 856 lucubrationes
325 804 542 874 memorantur,
564 813 602 856 ex
622 796 710 857 oditis
730 799 797 875 qui·
890 798 903 857 4
930 798 1040 857 Poema
1066 796 1206 858 versibus
1236 797 1420 861 hexametris
1442 802 1520 864 4638
1535 800 1573 863 de

67 885 140 947 dem
158 889 318 951 Sermones
328 889 796 970 quadragesimalesbaeontem-
850 886 938 949 urbis
947 888 1080 950 Eboraci
1084 890 1380 973 primordiis,cleqrte
1388 894 1577 975 primisejus

68 986 126 1059 ptu
135 980 252 1057 Mundi,
262 984 328 1043 sive
341 983 378 1045 de
391 984 496 1064 triplici
506 983 630 1063 blundo,
640 983 795 1045 Mediolani
850 980 1004 1043 Ecclesiae
1017 982 1208 1063 Pontificibus
1221 1003 1258 1046 ao
1269 986 1401 1062 Sorietis,
1413 987 1528 1049 editum
1536 1007 1577 1051 ex

70 1074 167 1153 llas,
184 1074 201 1134 4
217 1080 249 1135 et
273 1076 406 1137 Venetiis
434 1078 520 1140 4563.
546 1079 707 1139 Sermones
722 1094 797 1156 qua-
850 1074 969 1137 duobus
994 1077 1194 1140 ilamensibus
1215 1082 1297 1141 4488.
1314 1098 1332 1141 4
1348 1081 1464 1141 Tltoma
1483 1081 1575 1143 Galeo

65 1166 282 1248 dragesimales
311 1170 381 1248 alii,
404 1171 567 1249 inquibus
595 1172 794 1232 resolutiones
850 1171 940 1230 tom.l
956 1172 1169 1232 ilistoricorum
1180 1170 1504 1251 nngtiae‚0xon.lsat
1523 1175 1570 1237 iol.

68 1263 793 1344 variarumquaestionumcasuumqueconscieu-
847 1269 878 1323 et.
891 1269 1008 1341 partem
1029 1264 1087 1324 sub
1107 1266 1194 1326 titulo
1221 1263 1371 1346 Aeionymi
1386 1264 1492 1345 dupli,
1520 1269 1572 1345 qni

66 1358 125 1417 tiae
138 1401 146 1431 ,
159 1354 297 1435 Lugduni
312 1358 400 1432 4549,
418 1358 446 1418 3.
459 1359 541 1438 Opus
551 1357 792 1441 conformitatem
846 1354 972 1417 AElberti
990 1354 1212 1437 Archiepiscopi
1228 1359 1427 1421 Eboracensis
1442 1359 1574 1439 discipu-

64 1450 96 1511 8.
112 1450 248 1529 Virginis
265 1467 335 1511 cum
353 1450 535 1530 callisto,
551 1454 619 1513 sive
638 1450 676 1513 de
696 1450 792 1513 laudi·
846 1449 894 1512 lus
907 1450 1409 1531 tuenttoannesttabillontus(qui
1420 1455 1572 1531 integrum

64 1543 124 1605 bus
140 1546 174 1605 B.
203 1544 336 1622 Virginis
352 1544 418 1606 libri
434 1545 483 1608 Vl.
498 1546 635 1607 venetiis·
654 1547 752 1622 4596,
773 1546 791 1606 4
846 1542 885 1605 ad
905 1542 1032 1605 Galeam
1060 1547 1195 1620 miserat)
1222 1548 1306 1609 Sacc.
1328 1548 1368 1609 444
1388 1546 1573 1609 Benedictin.

62 1636 110 1698 Ex
118 1634 240 1697 ineditis
250 1637 717 1701 Summacasuumcortacieutiac.
728 1639 793 1701 Vita
847 1643 933 1717 parto
949 1638 975 1699 ll
990 1655 1055 1717 pag.
1074 1640 1143 1699 558.
1162 1640 1227 1700 lion
1244 1637 1379 1715 dicuini,
1395 1639 1450 1703 sod
1466 1638 1573 1699 64444-

63 1729 97 1789 44.
114 1726 272 1791 Gerdardi
287 1727 362 1791 laici
374 1748 423 1792 an.
438 1732 517 1794 4353
533 1731 678 1793 defuncti:
690 1730 795 1811 Empe
844 1727 918 1809 godi
935 1746 1004 1791 esse
1024 1730 1179 1792 contendit
1195 1730 1333 1794 Oudinus
1360 1738 1431 1793 tom.
1458 1733 1471 1793 l
1492 1750 1574 1793 eom-

61 1821 132 1885 sitio
146 1820 315 1902 4449444448.
326 1823 493 1886 Francisci
511 1822 794 1889 Delottdidutsau-
847 1828 973 1884 mentm.
991 1838 1057 1903 pag.
1075 1824 1153 1885 teas
1170 1830 1201 1887 et
1215 1830 1286 1887 tom.
1304 1827 1330 1885 ll
1349 1842 1415 1904 pag.
1430 1824 1489 1886 467
1505 1842 1569 1903 seq

62 1920 193 1977 ciorum
210 1914 254 1976 Dc
268 1912 372 1978 verius
389 1916 542 1979 DOMINI.
886 1916 909 1978 9
925 1914 1131 1996 Epislodirum
1146 1916 1263 1979 Aleuini
1290 1919 1496 1980 collectionem
1511 1918 1571 1979 tts.

101 2006 364 2072 Atatdausttttl
381 2011 526 2073 Historia:
542 2010 611 2072 vida
635 2010 712 2074 4444444
731 2014 793 2075 PE-
846 2008 1047 2073 Colbertinam
1075 2018 1222 2073 memorat
1245 2012 1399 2089 baluzius,
1423 2018 1456 2072 44
1475 2028 1514 2071 ex
1534 2026 1571 2073 ea

59 2104 161 2165 444448
179 2100 277 2165 Vallis
291 2102 428 2185 sarnajt.
844 2103 1012 2182 Epistulam
1037 2101 1080 2164 ad
1111 2102 1280 2165 Candidum
1300 2109 1330 2165 44
1352 2101 1568 2165 Natdarioelem

100 2193 233 2258 Flaccus
258 2194 437 2273 dLlllNUS,
454 2198 521 2259 sive
537 2199 651 2259 notiora
670 2199 792 2260 nomine
846 2197 1009 2275 publicavit
1025 2197 1294 2276 tomlcripttular.
1311 2200 1427 2275 llegum
1444 2199 1572 2259 Franco-

60 2288 267 2368 AtedtttUS,
285 2288 488 2369 (4444444444)
503 2290 792 2372 Anglus,lledaeet
846 2308 914 2352 rum
930 2306 996 2370 pag.
1023 2291 1102 2352 4443
1119 2308 1182 2370 seq.
1205 2291 1338 2369 Epistola
1360 2289 1403 2351 od
1421 2287 1571 2353 Karolatm

59 2383 185 2463 Egberti
201 2384 389 2463 Discipulos,
407 2401 447 2445 ex
463 2383 596 2445 Diocouo
608 2382 795 2446 Edoroceusi
846 2384 884 2445 ab
909 2384 1015 2445 eodem
1041 2385 1162 2445 baluzio
1179 2391 1251 2445 tom.
1276 2384 1301 2444 44
1319 2384 1400 2445 44444.
1422 2401 1479 2462 pag
1500 2383 1568 2444 365.

59 2484 92 2538 et
109 2477 251 2541 Cocuobii
268 2474 502 2541 samariensis
518 2474 648 2557 4444444,
664 2485 792 2539 vocatus
848 2476 1026 2557 capitulare
1048 2476 1256 2539 admonitionis
1282 2477 1319 2539 ad
1346 2476 1475 2539 cundem
1502 2493 1569 2553 pag.
1652 2556 1657 2565 ι

59 2568 119 2632 444.
137 2570 171 2633 C.
188 2568 248 2631 796
266 2572 296 2631 in
313 2572 457 2650 Galliam,
477 2571 528 2634 ubi
546 2572 742 2634 consiliarius
760 2578 792 2633 et
848 2571 914 2633 375.
929 2567 1458 2651 Epistolauelddbotesetllouocltos
1470 2566 1571 2629 (lollii-

59 2663 223 2727 dcliciosus
238 2664 334 2727 Caroli
351 2668 389 2728 44.
407 2668 455 2744 (44
484 2666 521 2728 ab
537 2663 697 2727 Anastasio
717 2664 790 2726 bibl.
846 2665 929 2726 aede
946 2666 1018 2726 Filio
1034 2666 1100 2727 DEI
1112 2682 1172 2725 uon
1186 2664 1325 2744 adoptivo
1336 2681 1402 2743 pag.
1418 2662 1485 2722 377.
1496 2663 1569 2739 Epi-

58 2757 241 2838 appellatur)
251 2758 437 2839 Scholaeque
447 2760 597 2821 Palatinae
608 2758 790 2836 Pmeiectus,
848 2758 943 2820 stolae
958 2759 1011 2821 llll
1027 2756 1071 2819 ud
1083 2756 1241 2839 Aquilam,
1262 2760 1329 2818 sivo
1348 2755 1497 2817 draoaem
1517 2772 1571 2816 an-

58 2850 299 2931 pracclarissime
314 2850 353 2913 dc
369 2851 480 2913 litteris
508 2853 707 2932 promeritus,
728 2852 795 2931 plu·
848 2852 974 2912 tistitem
985 2851 1263 2929 Saltaburgensem,
1281 2853 1312 2911 in
1327 2849 1572 2913 444444ῑί4944-

59 2945 140 3005 rium
154 2944 273 3023 peritus
288 2944 473 3025 linguarum,
488 2944 677 3025 Theologus,
698 2945 795 3006 Philo-
849 2943 935 3005 sardi
949 2946 1007 3005 Pez
1024 2950 1097 3007 tom
1108 2946 1134 3006 ll
1151 2962 1218 3023 pag.
1235 2945 1252 3005 4
1269 2960 1354 3021 seqq.
1371 2940 1418 3002 44
1438 2940 1569 3003 eundem

59 3036 176 3117 sophus
201 3043 234 3098 et
258 3036 365 3113 Poeta,
381 3036 513 3117 denique
539 3044 710 3119 postremos
730 3044 793 3099 tres
846 3034 1000 3097 druonem
1032 3037 1175 3117 praelatio
1205 3038 1236 3096 in
1265 3037 1483 3115 expositionem
1516 3034 1568 3101 vlt

59 3130 112 3191 vel
128 3135 259 3209 quatuor
277 3146 375 3191 anuos
390 3134 505 3211 peregit
528 3128 654 3192 licronis
690 3127 793 3193 46444
847 3130 1033 3191 Psalmorum
1044 3128 1567 3209 poenitentialium‚PsalmiCXlllll

59 3225 93 3287 8.
109 3220 253 3302 umam,
271 3222 321 3284 ubi
341 3222 422 3285 diem
443 3224 514 3286 obiit
539 3224 627 3286 Anno
647 3226 721 3300 894,
743 3226 790 3287 44.
847 3230 880 3284 44
894 3224 1081 3285 Psalmorum
1095 3224 1150 3285 XV
1163 3219 1352 3303 gradualium
1367 3222 1411 3297 (in
1421 3219 1571 3298 Operibus

59 3317 122 3381 Cal.
139 3318 232 3378 lunii.
249 3312 325 3395 Ejus
341 3317 439 3398 Opera
459 3316 589 3396 junctim
619 3316 712 3378 edidit
731 3315 793 3379 da-
844 3314 962 3378 dlcuini
979 3334 1046 3397 pag.
1064 3317 1102 3379 39
1119 3332 1204 3394 seqq.
1220 3313 1353 3390 obviam]
1380 3313 1411 3373 iu
1431 3310 1567 3373 bacharii

56 3408 152 3472 44444
165 3406 212 3471 do
225 3408 355 3483 6444444,
372 3413 438 3471 sive
464 3414 672 3489 (4444444444-
692 3413 792 3473 Turo-
846 3409 995 3488 spioilegio
1010 3416 1091 3471 tomo
1105 3411 1147 3471 tx
1164 3425 1229 3488 pag.
1247 3409 1298 3471 444
1320 3413 1352 3468 44
1368 3404 1508 3467 editionis
1516 3422 1570 3465 no-

58 3505 177 3579 nensis,
195 3504 315 3565 Parisiis
338 3504 417 3566 4647
450 3506 497 3566 444.
530 3506 627 3585 iisque
638 3504 792 3589 meedxit
845 3518 903 3563 rao
918 3509 990 3563 tom.
1008 3503 1049 3564 444
1065 3519 1131 3583 pag.
1154 3501 1222 3562 393.
1244 3498 1328 3563 Aliae
1354 3498 1507 3578 Epistolae
1527 3498 1568 3559 444

57 3601 155 3661 vitam
168 3613 208 3657 ex
222 3594 382 3657 traditione
399 3596 525 3678 sigulfi,
541 3601 592 3677 qui
607 3597 725 3660 44444444
746 3597 791 3658 di·
843 3592 886 3655 rut
898 3591 1130 3672 Galliccllulom,
1148 3601 1179 3656 44
1188 3593 1226 3655 44
1236 3594 1340 3655 docem
1355 3592 1457 3654 verbis
1471 3592 1568 3671 begis,

57 3689 198 3771 scipulus
216 3688 285 3764 luit,
303 3690 445 3768 scriptam
463 3690 502 3751 ab
518 3690 695 3770 anonymo,
712 3708 789 3769 quae
843 3686 1131 3769 etedFriduqieum
1146 3687 1184 3749 de
1200 3688 1297 3749 tribua
1306 3685 1466 3766 generibus
1479 3685 1570 3746 visio

56 3784 176 3863 incipit:
198 3782 338 3861 superno
363 3781 490 3846 Cldristi
513 3788 637 3844 roeuote
651 3782 788 3845 44444444.
844 3798 932 3859 num,
948 3781 986 3844 ab
1002 3780 1108 3843 4444444
1123 3780 1268 3843 4444444444
1284 3786 1356 3841 tom.
1372 3780 1412 3842 Vl
1425 3777 1568 3858 spicilegii

57 3874 184 3939 Addidit
195 3875 288 3935 etiam
303 3875 525 3958 quamplurima
535 3882 674 3937 veterum
686 3894 791 3938 receu-
844 3892 873 3954 p.
891 3876 944 3937 394
964 3881 996 3935 44
1011 3881 1083 3936 tom.
1098 3875 1139 3935 444
1155 3872 1294 3934 editionis
1311 3889 1406 3934 nouae
1424 3890 1491 3952 pag.
1508 3871 1562 3933 334

56 3970 199 4047 tiumque
215 3966 254 4028 do
269 3966 394 4030 dlcuino
411 3968 601 4044 testimonia,
618 3969 729 4047 quibus
739 3968 792 4031 ad·
844 3984 901 4031 uec
918 3984 978 4029 non
994 3968 1068 4029 aliae
1084 3967 1181 4029 xxti
1197 3982 1215 4026 a
1230 3965 1397 4027 idabillouio
1417 3970 1489 4024 tom.
1519 3963 1567 4025 lv.

56 4060 170 4141 denda,
185 4076 264 4138 quae
279 4060 319 4122 de
330 4063 436 4123 Flacco
449 4060 638 4123 Theodullus
654 4062 789 4125 Aurelia
844 4059 981 4123 44444444.
992 4077 1057 4139 pag.
1070 4058 1230 4136 27944444
1241 4056 1380 4118 editionis
1394 4073 1490 4118 novae
1500 4072 1567 4135 pag.

56 4156 178 4233 nensis,
195 4152 269 4214 libro
284 4155 324 4215 444
342 4162 374 4216 et
390 4154 428 4216 ad
442 4172 514 4216 oum
541 4154 721 4218 Sirmoudus
737 4164 759 4218 t.
778 4159 789 4220 l
845 4154 904 4215 399
914 4171 978 4232 seq.
989 4153 1123 4233 Epistola
1132 4151 1321 4231 paraenetica
1330 4146 1368 4213 ad
1376 4144 1569 4211 amadan

55 4248 193 4328 operum
207 4263 236 4326 p.
253 4248 331 4309 4464
348 4264 393 4327 sq.
408 4253 440 4308 et
449 4254 523 4308 tom.
536 4249 573 4310 tv
587 4247 788 4311 Bibliothecae
845 4249 886 4307 14.
892 4244 1155 4327 decdiepiscopum
1164 4240 1384 4305 Edoraceusem
1393 4240 1504 4320 scripta
1510 4236 1567 4300 44.

55 4343 183 4403 Petrum
199 4358 228 4421 p.
246 4340 294 4401 64.
306 4342 349 4403 444
367 4340 472 4401 eodem
489 4339 617 4403 Alcuino
632 4348 787 4423 praeterea
847 4342 905 4404 796
921 4340 1049 4403 editaab
1062 4340 1172 4401 illustri
1186 4338 1352 4399 Fontanino
1364 4337 1393 4397 iu
1404 4332 1569 4415 appendice

56 4432 210 4496 videndus
230 4434 438 4496 llenschenius
455 4437 484 4493 in
499 4431 585 4497 detis
606 4436 789 4497 Sanctorum
845 4433 884 4495 ad
900 4433 1046 4495 vindicias
1071 4434 1263 4510 antiquorum
1279 4427 1480 4507 biplomatum
1501 4441 1567 4505 pag.

59 4530 97 4589 49
113 4525 184 4607 ltajl
200 4534 273 4589 tom.
290 4528 329 4589 lv
355 4544 421 4609 pag.
439 4528 498 4588 333
521 4545 588 4607 sqq.
617 4529 745 4610 Carolus
763 4530 791 4591 le
846 4529 905 4593 266
921 4534 986 4589 eta
1006 4526 1115 4588 lacobo
1131 4527 1276 4601 basnagio
1296 4530 1369 4583 tom.
1387 4521 1412 4582 ll
1430 4518 1569 4581 editionis

57 4622 166 4684 Gointe
188 4626 260 4682 tom.
285 4623 323 4682 vl
348 4620 511 4684 Annalium
541 4624 727 4684 Francorum
752 4623 789 4685 ad
847 4638 943 4683 novae
960 4621 1121 4684 lectionum
1138 4619 1365 4681 canisianarum
1385 4631 1441 4693 pag
1460 4612 1527 4675 tat.

56 4712 182 4776 Annum
198 4712 258 4775 793
268 4721 340 4775 tom.
353 4716 405 4777 Vll
423 4732 488 4795 pag.
508 4716 550 4778 48
563 4732 627 4795 seq.
645 4715 696 4777 ubi
709 4716 789 4777 4444
886 4716 906 4775 3
925 4714 1029 4777 &nno
1046 4712 1078 4773 in
1096 4707 1382 4794 quapaotidictus
1397 4705 1569 4768 444444414-

58 4806 127 4885 ejus
144 4804 347 4887 discipulis,¹ct
363 4814 435 4869 tom.
447 4810 513 4871 Vlll
531 4826 596 4889 pag.
616 4810 661 4870 lt.
678 4808 792 4871 Editio-
845 4808 907 4875 rolo
922 4810 1038 4887 Magno:
1067 4806 1145 4887 apud
1163 4805 1263 4867 Baluz.
1290 4809 1361 4862 tom.
1384 4802 1395 4863 4
1416 4800 1568 4863 ttiscollan

59 4917 130 4961 nem
148 4900 348 4963 Parisiensem
365 4904 497 4981 Operum
515 4902 635 4964 44444444
652 4920 790 4964 recense-
844 4920 914 4984 pag.
934 4902 1003 4965 333.

58 5010 91 5054 44
116 4998 186 5075 post
207 4995 331 5072 Labbei,
358 4993 498 5059 ludovici
524 4996 619 5061 Ellies
645 4997 786 5076 bupiuii,
886 4997 902 5058 t
926 4991 1076 5074 Corisessio
1088 4992 1175 5056 Fiilci
1189 4991 1269 5056 odila
1283 5013 1301 5056 a
1315 4995 1400 5056 Petro
1412 4989 1569 5054 francisco

1207 5114 1226 5174 7
