3458 5332
620 331 1010 396 COMMODIANO
1492 350 1553 413 375

143 444 174 494 ιι,
191 444 242 492 rar,
260 432 355 492 entim,
372 437 463 495 precer,
480 445 586 500 arguas,
603 444 629 489 tt
646 440 749 498 aitrus,
824 439 968 503 eubulum
990 440 1111 520 aliquod
1133 442 1289 507 referunt:
1318 465 1430 512 versus
1449 460 1553 517 autem

143 507 774 649 ξοέὗυῗζῦῑῶῖέἕεᾞῶῑξζῖὦὲἱῑῐξθὲἰζωῑ
825 533 867 595 ita
880 540 955 596 suut
967 537 1151 614 comparati,
1170 543 1206 598 ut
1222 556 1368 604 numerus
1385 547 1552 610 hexametri

143 658 162 707 ιι
176 654 217 707 rel
231 662 328 719 cornu
344 659 422 719 virgo
440 660 536 720 aegino
552 662 646 719 narro,
824 629 970 689 miminis
988 633 1147 708 utcunque
1163 641 1323 708 servetur,
1340 639 1476 715 neglecta
1492 642 1554 719 Sil·

144 743 173 782 nn
187 733 222 781 sit
238 732 319 794 pietus
336 743 382 782 nec
400 733 501 793 litters,
519 746 566 784 nes
581 733 654 786 dubit
669 739 750 787 ustus
826 720 962 783 laborum
987 723 1180 802 quantitate,
1206 727 1286 787 sicut
1305 728 1335 787 in
1357 731 1474 792 Psalmo
1495 739 1556 795 tro·

144 817 244 900 lippam
261 820 468 882 GOMINAEUS
480 821 589 882 nobilis
602 824 771 886 alewicus
826 813 931 875 ebaieo
949 815 985 881 S.¹
999 813 1165 896 Augustini
1179 825 1285 881 contra
1298 828 1415 899 partem
1430 825 1554 903 Donati,

144 915 198 975 riu
215 913 312 974 Gallia
327 919 483 991 gestarum
511 916 698 995 temporibus
715 920 774 979 Lu·
828 908 880 985 qui
902 906 972 984 tius
988 910 1110 987 scriptis
1126 918 1232 974 contra
1244 914 1396 976 Donatum
1411 917 1555 980 mmlx.

160 1007 214 1068 Xl.
230 1007 339 1084 Regis,
356 1006 440 1068 libris
456 1010 496 1069 x.
512 1009 550 1070 ab
566 1008 623 1070 An.
642 1011 720 1071 etot
733 1010 773 1073 ad
830 999 970 1079 Operum
997 1005 1220 1079 praemittitur:
1248 1007 1298 1067 vel
1326 1008 1405 1067 sicut
1433 1011 1463 1069 in
1490 1011 1573 1071 aliis·

144 1106 169 1160 rt
184 1098 223 1160 de
240 1099 318 1160 bello
345 1101 541 1180 Neapolitano
559 1120 613 1182 per
629 1103 771 1167 Carolum
827 1092 910 1172 apud
938 1093 1088 1155 illustrem
1109 1096 1280 1176 Scipionem
1307 1099 1458 1177 Mallejum
1480 1103 1554 1165 diss

144 1199 282 1272 suscepto
299 1192 383 1253 libr-is
394 1196 427 1255 V.
442 1196 510 1274 lpse
527 1198 710 1259 eominaeus
719 1197 772 1276 qui
831 1189 841 1266 l
852 1185 992 1264 subjecta
1011 1187 1080 1266 ejus
1100 1189 1243 1252 historiae
1264 1191 1491 1271 diplomaticae)
1511 1213 1559 1259 so-

144 1302 160 1346 o
177 1285 307 1362 Cattbo,
326 1286 488 1348 Viennensi
508 1291 679 1369 Episcopo,
696 1290 773 1351 invi·
823 1296 888 1362 pta
904 1278 1018 1342 iverat
1028 1280 1145 1343 ritmt'ct'
1156 1300 1222 1362 pag.
1239 1285 1297 1347 l86
1315 1302 1399 1364 seqq.
1415 1286 1446 1347 et
1461 1289 1490 1346 in
1505 1289 1558 1350 be

145 1381 282 1441 nmmum
300 1378 338 1440 ad
356 1383 550 1444 scribendum
568 1385 703 1463 appulit,
720 1383 791 1446 da·
827 1374 979 1435 rametris
1001 1374 1102 1436 codici
1125 1377 1356 1439 tatinoltiblico
1382 1384 1559 1458 praemissis

145 1480 230 1535 esest
246 1474 302 1536 Αῃ,
322 1477 409 1537 4509,
428 1476 541 1537 Gallice
558 1478 683 1555 quidem
700 1478 773 1539 serp.
827 1467 908 1526 circa
921 1465 1044 1528 Annum
1059 1469 1177 1531 Gllristi
1191 1467 1250 1531 lto
1264 1486 1282 1531 a
1295 1471 1438 1552 Gregorio
1453 1474 1558 1536 Cardi-

144 1575 155 1628 ι
172 1575 241 1647 post
257 1568 373 1631 obitum
389 1568 458 1647 ejus
474 1568 599 1631 demum
617 1572 717 1634 lucem
729 1573 774 1631 vt.
829 1559 890 1620 nali
904 1559 984 1638 apud
995 1562 1116 1624 lustum
1128 1564 1331 1627 Fontaninum
1346 1567 1376 1626 in
1392 1567 1557 1647 appendice

145 1667 259 1723 >stema
286 1663 388 1741 protes
409 1661 467 1723 An,
486 1665 584 1739 4523,
602 1664 651 1725 101,
670 1665 725 1726 sed
743 1667 773 1726 in
828 1652 868 1712 ad
885 1652 1003 1715 discum
1018 1662 1198 1734 argenteum
1214 1659 1354 1722 votivum
1368 1677 1434 1740 pag.
1449 1663 1488 1721 86
1506 1662 1556 1725 vel

152 1754 191 1815 de
208 1757 362 1816 historicis
379 1757 494 1817 Latinis
510 1774 529 1818 a
545 1759 653 1818 Vossto
669 1775 698 1837 ρ,
715 1759 773 1820 6η
830 1751 864 1808 nt
878 1746 909 1805 in
923 1748 1108 1811 carminibus
1121 1749 1252 1827 politicis
1268 1755 1400 1814 recentis
1414 1755 1556 1818 Graeciae

145 1848 322 1927 alebantur,
339 1850 411 1927 quia
427 1851 531 1910 Latine
551 1850 636 1929 bene·
649 1851 775 1930 loquen.
830 1840 908 1901 solet
928 1840 1011 1918 lieri,
1031 1841 1082 1903 vel
1102 1844 1192 1921 quale
1213 1861 1337 1906 carmen
1358 1847 1556 1909 hexametron

145 1940 277 2004 abemm
294 1943 460 2021 interprete
476 1942 613 2004 Jobanne
624 1943 774 2021 Sleidano‚
829 1934 978 1996 Graecum
995 1952 1034 1996 er
1051 1937 1195 1997 Psalterio
1212 1939 1476 2005 ldS.‚blurbucensi
1494 1940 1557 2002 edi·
1633 1993 1635 1998 .

151 2037 282 2097 versioni
303 2041 406 2114 utpote
432 2036 564 2096 liberiori
580 2038 672 2097 eriam
690 2055 776 2116 prae.
829 2024 874 2086 dit
895 2027 1111 2090 celeberrimus
1129 2031 1359 2092 tlonttaueonus
1383 2035 1413 2092 in
1439 2034 1557 2096 Palaeo-

145 2128 491 2206 equilemense
507 2129 647 2208 casparrs
663 2131 775 2192 eaelo
829 2119 952 2198 grapua
969 2121 1084 2183 Graeca
1100 2139 1168 2201 rac·
1186 2123 1258 2185 220·
1399 2129 1402 2132 ·

145 2224 173 2283 ta
193 2223 381 2283 Francofurti
400 2223 499 2298 toto,
517 2222 545 2283 8.
563 2223 674 2285 Exstat
701 2242 775 2302 quo.
870 2213 983 2275 Flornit
1000 2213 1049 2275 bie
1066 2218 1212 2296 scriptor,
1228 2218 1253 2276 si
1268 2216 1458 2278 Gennadium
1472 2217 1557 2280 audi·

146 2330 234 2375 araus
251 2316 362 2388 italice,
373 2313 507 2393 Aeginae,
518 2317 686 2395 Hispaniae,
700 2317 775 2379 Ger.
830 2323 920 2385 mus,
934 2315 1003 2386 post
1018 2310 1207 2371 lactantium
1220 2355 1227 2386 ‚
1242 2312 1285 2371 ait
1298 2312 1380 2371 enim
1399 2310 1556 2375 Tertullia-

146 2426 177 2486 ιε,
189 2410 308 2487 Belgica
325 2416 356 2470 et
374 2412 404 2469 in
421 2410 604 2472 Bibliotheca
613 2413 774 2491 nostgaar.
827 2417 901 2461 rrum
917 2406 948 2463 st
960 2403 1150 2465 emensam
1165 2407 1195 2465 et
1206 2403 1336 2484 Papiam
1354 2412 1494 2469 noceres
1509 2423 1556 2470 ss-

158 2518 225 2581 pag,
243 2503 311 2563 502,
329 2505 439 2563 Danice
456 2504 773 2567 Ms,1)e·ediriombus
826 2499 937 2556 cutum.
954 2495 999 2557 Ae
1015 2514 1088 2559 sane
1106 2501 1226 2577 Papiam
1243 2502 1404 2578 sequitur,
1422 2502 1554 2580 probans

146 2594 321 2655 irtacobum
339 2596 367 2655 ιθ
385 2598 466 2674 Long
483 2598 513 2655 jn
530 2596 713 2660 Bibliotheca
724 2600 771 2660 ffi.
827 2586 936 2667 dogma
947 2588 987 2651 de
1000 2592 1084 2653 mille
1098 2594 1187 2654 anuis
1199 2637 1206 2669 ,
1220 2610 1248 2654 c.
1264 2594 1318 2656 ult.
1331 2596 1553 2659 Tertullianum

146 2703 230 2748 nrum
247 2689 360 2750 Galliae
377 2706 460 2751 nuru.
474 2690 552 2751 llll
568 2696 598 2751 et
615 2693 775 2771 praecipue
830 2698 902 2769 vero
919 2683 951 2743 in
968 2685 1093 2764 multis,
1111 2703 1189 2764 quae
1210 2686 1249 2747 de
1270 2688 1414 2751 Gentium
1431 2691 1495 2750 liiis
1510 2690 1556 2751 di-

146 2783 353 2843 consuleodus
373 2785 406 2843 B.
424 2782 585 2845 llubnerus
611 2792 716 2846 noster
741 2787 773 2846 in
828 2782 943 2855 altuini·
964 2779 1007 2839 De
1023 2780 1178 2840 Lactantio
1199 2780 1323 2860 quidem
1343 2782 1467 2859 dubito,
1484 2784 1556 2846 licet

146 2874 229 2936 theca
247 2877 393 2937 ilistoriea
409 2877 630 2956 Hambnrgansi
646 2879 773 2941 centur.
827 2868 983 2931 Genucilio
999 2871 1056 2932 hoc
1072 2875 1103 2932 in
1120 2881 1206 2952 porte
1221 2873 1405 2955 suffragatus
1421 2878 1555 2956 primum

146 2987 174 3047 g.
196 2966 265 3029 273,
288 2986 353 3046 seq,
826 2970 876 3022 est
892 2964 983 3024 etiam
998 2965 1145 3043 Rigaltins
1161 2969 1252 3044 (nam
1267 2971 1297 3028 in
1311 2971 1394 3030 curis
1411 2970 1555 3032 secundis

146 3061 449 3125 cometoptppoira
460 3063 776 3127 Gennadtusdesm.
828 3053 866 3115 ad
888 3056 1026 3117 instruct.
1048 3059 1096 3118 33.
1117 3058 1188 3120 hnic
1215 3063 1385 3123 sententiae
1405 3064 1470 3140 ipsc
1492 3079 1553 3123 non

147 3171 167 3215 ‚s
187 3156 410 3216 Ecclesiasticis
430 3173 494 3235 cap,
518 3159 566 3218 45,
589 3158 777 3220 commerdio.
830 3148 962 3209 multum
984 3150 1128 3229 tribuit),
1149 3153 1202 3230 qni
1223 3154 1374 3231 sylvestri
1399 3154 1553 3217 Pontificio

147 3250 154 3325 )
172 3247 245 3310 dum
261 3249 339 3308 inter
359 3248 532 3311 saeculares
553 3249 670 3312 istm
686 3251 776 3313 etiam
830 3242 1016 3302 mentionem
1033 3243 1097 3305 ficri
1114 3245 1257 3307 instruct.
1273 3247 1320 3306 33.
1335 3265 1365 3307 v.
1383 3249 1403 3308 5
1419 3264 1479 3308 uon
1496 3246 1554 3309 du·

147 3358 175 3404 tc
193 3341 279 3421 lepit,
295 3342 478 3403 occasionem
494 3343 609 3425 accepit
618 3343 698 3424 fidei,
715 3345 777 3404 Fa.
830 3333 956 3411 bitavit,
971 3336 1012 3397 ita
1034 3337 1116 3399 enirn
1140 3338 1225 3400 illum
1249 3356 1374 3401 versum
1390 3340 1481 3418 legit:
1504 3341 1555 3401 Irt-

147 3435 239 3515 'tepus
257 3435 471 3514 Christianus,
493 3442 523 3497 et
540 3435 642 3499 volsas
658 3436 777 3516 aliquid
828 3431 907 3488 aare
922 3425 1051 3491 omboes
1068 3430 1218 3511 sylvestri
1230 3431 1273 3493 ed
1288 3435 1314 3511 a)
1327 3449 1476 3513 praesepe
1495 3435 1555 3496 Po-

147 3547 222 3589 mm
242 3546 369 3590 suorum
389 3529 525 3591 muneris
544 3531 656 3610 afferre
678 3531 776 3593 citri.
828 3522 928 3584 sterit.
957 3524 1066 3585 Coeier
1093 3525 1206 3586 Bartbii
1233 3526 1402 3588 Adversar..
1420 3529 1493 3590 till.
1522 3531 1551 3591 b.

150 3639 209 3681 nee
221 3619 331 3683 salutis
345 3622 483 3700 euceri,
496 3623 621 3703 scripsit
631 3623 778 3684 mediocri
828 3616 941 3678 Verum
955 3617 990 3676 ll.
1005 3616 1181 3680 bodwottns
1193 3620 1229 3680 V.
1245 3621 1278 3683 C.
1294 3620 1324 3680 in
1340 3619 1553 3683 dissertatione

147 3713 312 3793 me,quusi
319 3731 412 3774 versu
423 3716 532 3777 librum
543 3715 707 3778 adversum
721 3719 776 3778 Pa-
829 3707 867 3770 de
887 3709 1094 3772 Commodiani
1118 3718 1238 3789 aetate,
1266 3731 1358 3792 quam
1383 3714 1553 3778 Annalibus

148 3851 156 3868 .
172 3807 215 3867 at
228 3807 301 3888 quio
314 3825 428 3887 perum
444 3813 619 3868 sorborum
633 3808 777 3888 attigeret
827 3801 1007 3881 Vellejants,
1022 3804 1233 3876 Quintilianeis
1246 3813 1278 3869 et
1292 3809 1438 3868 Statianis
1454 3809 1552 3870 Onon.

147 3918 242 3977 inem,
258 3900 355 3980 magis
370 3900 491 3961 sitorum
506 3900 663 3964 destruere
676 3903 775 3982 potuit
830 3899 927 3975 totio,
947 3898 975 3957 8.
997 3897 1147 3975 abiecit,
1174 3916 1245 3960 cum
1264 3917 1304 3959 ex
1324 3905 1388 3959 toto
1408 3901 1553 3979 opusculo

148 3998 209 4069 rte,
231 4011 326 4073 quem
345 3999 451 4054 nosen
468 3994 603 4074 firraors.
625 3996 712 4069 Quod
732 3999 775 4058 ait
829 3990 1022 4051 observasset
1038 3989 1110 4052 illud
1132 3993 1253 4053 saeculo
1270 3993 1359 4052 tertio
1375 3999 1408 4052 et
1424 3994 1553 4072 flagran-

161 4104 255 4149 versu
278 4089 458 4165 scripsisse,
480 4089 614 4166 iuspecto
636 4089 775 4151 Gemme-
829 4084 910 4145 tibus
923 4083 1022 4145 adbuc
1034 4085 1191 4145 Ecclesiae
1202 4085 1463 4162 persecutionibus
1480 4087 1554 4147 scri-

151 4180 225 4240 libro
243 4182 328 4242 facile
344 4183 529 4260 intelligitur.
545 4182 602 4242 Est
615 4184 725 4263 quippe
741 4186 773 4245 in
828 4185 915 4257 ptum
932 4193 1001 4239 esse
1014 4224 1022 4255 ,
1035 4179 1195 4257 praecipue
1210 4193 1282 4239 cum
1299 4185 1405 4238 auctor
1421 4180 1485 4257 ipse
1503 4180 1552 4238 lu-

148 4276 163 4334 l
180 4278 277 4353 capita
293 4277 357 4336 sive
374 4273 605 4352 instructiones,
623 4282 658 4336 nt
674 4278 774 4356 appel·
828 4277 936 4332 struet.
952 4271 1009 4347 Vl,
1026 4286 1119 4332 versu
1136 4272 1154 4331 6
1181 4286 1277 4332 annos
1294 4277 1414 4332 tantum
1435 4270 1551 4332 ducen-

148 4368 247 4441 risus,
265 4385 393 4446 quarum
415 4369 550 4447 singulae
571 4386 625 4448 per
648 4369 775 4431 ecreto·
827 4372 875 4426 tos
894 4381 913 4426 a
933 4365 1057 4427 Gllristo
1085 4369 1242 4426 numeret:
1269 4363 1312 4425 nt
1329 4361 1550 4443 repercutias

148 4477 168 4521 n
182 4464 247 4522 sive
261 4462 377 4523 litteras
393 4478 539 4522 versuum
556 4464 670 4541 primas
679 4462 707 4540 b)
721 4480 775 4526 vo-
826 4458 871 4520 rie
886 4459 995 4535 seruit,
1011 4475 1068 4520 cur
1080 4458 1170 4521 anais
1182 4457 1318 4520 doceatis
1331 4456 1435 4539 feretis
1450 4455 1551 4538 iassa-

827 4557 888 4630 ιιι,
909 4551 1056 4634 numquid
1074 4558 1104 4614 et
1122 4569 1240 4634 semper
1260 4551 1371 4613 eritr's?
1397 4553 1546 4632 Deinceps

148 4659 330 4711 tommodiunns
348 4663 403 4723 lpse
420 4664 446 4711 ln
463 4662 543 4723 praet

148 4746 181 4797 po
196 4734 325 4784 similiter
341 4736 432 4784 seruet
447 4742 566 4799 tempore
582 4736 666 4786 mette

149 4821 200 4857 unu
213 4811 411 4872 prosequendo.-
419 4809 579 4872 pareatibus
591 4810 691 4860 insciis
703 4810 776 4874 tpsts
821 4817 920 4856 versum
935 4805 1040 4867 legenda
1052 4804 1128 4857 rstsrt
1142 4803 1219 4857 verbs
1231 4825 1237 4854 :
1251 4805 1461 4856 Commodianus
1473 4818 1551 4856 msa·

149 4881 282 4932 betulinas
294 4884 741 4949 tuadsmtrtdatspsndodsbps.
821 4881 899 4930 disus
916 4880 1039 4933 GHrtsti.

152 4970 169 5007 n
187 4959 277 5010 nlttmo
293 4961 392 5022 eapite,
413 4961 562 5011 acrostichis
576 4973 627 5010 non
637 4965 667 5010 nt
680 4962 707 5010 in
718 4957 776 5009 aut·
865 4955 892 5019 s)
907 4956 1031 5018 srirmter
1045 4958 1185 5021 spiscopus
1199 4960 1329 5008 itomsnus
1351 4955 1400 5006 init
1425 4955 1458 5006 ab
1474 4960 1549 5007 Anno

149 5029 208 5084 esd
225 5032 363 5096 ultimumr
377 5033 421 5085 ssd
437 5046 452 5084 a
469 5041 599 5099 pomrsnro
614 5032 647 5084 sd
664 5034 776 5096 prinum
820 5031 915 5081 tllrtrti
932 5028 980 5081 tlt
994 5029 1028 5080 sd
1043 5031 1103 5083 ast.
