3458 5332
644 346 1059 411 CALLIMACHUS
1540 344 1598 405 :tot

134 450 587 521 mamumclttilticlltls
599 456 823 531 8444444444-
918 458 931 532 (
939 457 987 519 64.
1003 448 1163 517 notantia·
1176 450 1242 528 (io.
1258 448 1367 512 Betted.
1383 454 1416 511 et
1426 447 1527 513 4444444.
1545 448 1601 511 Co-

87 549 270 630 tiquitstum
288 556 406 611 amator
425 555 457 611 et
472 550 642 614 ilistorious
657 550 771 611 Romae
791 550 823 609 in
877 548 998 611 sindoni
1006 545 1138 611 Amantes
1153 541 1398 608 Camalduienses
1412 543 1485 606 Ord.
1499 545 1531 607 8.
1544 542 1602 605 Be·

81 643 157 707 aula
173 643 261 707 Pauli
278 643 304 704 ll
321 643 401 705 circa
419 640 542 705 nanum
561 643 640 707 4470
659 643 738 706 idom
755 644 824 707 Ilia·
877 641 998 705 aedisti.
1018 639 1144 705 Venetiit
1161 638 1248 703 t755.
1264 639 1304 701 73
1321 639 1349 698 9.
1367 638 1427 699 vol.
1445 640 1475 699 in
1493 638 1560 711 iol.)
1635 642 1636 646 ’

78 735 170 803 rium
184 753 257 817 με.
274 736 334 799 sis
348 754 413 816 scq.
916 738 1047 799 ioannes
1073 732 1278 799 clarinus
1304 730 1341 793 de
1368 729 1516 803 Nomen,
1533 732 1599 791 slve

121 828 402 895 cattinictltls
417 830 454 893 de
469 832 569 894 Monte
596 830 708 911 Virili,
725 834 823 894 44444-
875 830 1069 893 444444444444
1089 826 1289 903 temnamus,
1313 830 1420 886 auctor
1439 823 1542 885 Libeili
1563 822 1600 883 de

73 926 189 987 reneis
217 924 355 1000 Siculus,
378 926 497 987 amicus
524 927 644 987 Domitii
669 925 821 989 calderini
876 923 1071 1004 quadratura
1080 919 1200 997 circuli,
1210 920 1290 981 obvii
1302 921 1332 979 in
1346 916 1510 998 appendice
1521 932 1602 978 mar·

71 1019 167 1081 44444
183 1016 245 1081 hrt.
262 1018 343 1081 4477
355 1021 486 1100 scriptor
498 1018 821 1082 tibridetrudibussi-
874 1020 987 1098 garitae
1003 1016 1241 1096 philosophicae,
1255 1029 1346 1092 quem
1364 1012 1465 1073 virum
1486 1010 1601 1073 4444444-

68 1100 840 1193 ciliae,commentarioruml’osticorumstEpi··
873 1128 943 1174 seos
957 1114 1062 1191 peritia
1075 1112 1274 1188 conspicuum
1293 1107 1430 1187 plerique
1450 1106 1600 1185 scripsere

66 1206 235 1269 stolarum
252 1206 456 1269 familiarium.
473 1206 553 1268 idem
571 1223 638 1287 pag.
656 1206 725 1269 377.
736 1224 807 1286 seq.
872 1207 1009 1269 lloruisse
1024 1206 1104 1267 circa
1119 1204 1157 1267 ll.
1171 1204 1261 1266 4030.
1272 1204 1300 1277 a)
1316 1199 1378 1261 Sed
1396 1201 1527 1261 Lazarus
1538 1198 1601 1259 ilu-

116 1300 170 1361 De
187 1297 362 1377 primordiis
377 1297 819 1364 sinuosincuttstsuona
872 1301 1015 1380 guntinus
1025 1301 1113 1361 cotta
1123 1300 1153 1359 in
1163 1299 1267 1359 lluseo
1277 1294 1463 1367 novariensi,
1474 1293 1599 1375 vulgato

65 1393 175 1463 444444
188 1390 257 1454 libri
272 1391 334 1455 duo
348 1392 387 1455 ab
402 1391 491 1457 Anno
514 1394 593 1456 4094
620 1392 659 1455 sd
686 1394 766 1457 4444
786 1395 817 1455 44
873 1394 975 1456 ltalios
990 1392 1148 1455 Mediolani
1164 1389 1242 1455 4704
1267 1389 1317 1452 444.
1334 1405 1401 1470 pag.
1419 1387 1459 1449 78
1475 1395 1600 1451 conten-

65 1490 168 1549 tomo
184 1487 276 1549 tortio
291 1486 427 1551 thesauri
437 1487 653 1552 anecdotorum
663 1488 817 1553 Edmundi
872 1488 917 1549 dit
930 1488 1017 1567 longe
1028 1487 1195 1565 juniorem,
1212 1481 1467 1563 referendumque
1482 1483 1521 1545 ad
1536 1481 1600 1547 ln-

64 1580 223 1645 nartem
238 1596 305 1661 pag.
325 1582 414 1644 4459.
872 1582 1043 1645 44444840.
1055 1579 1135 1661 quod
1147 1581 1229 1641 enim
1242 1577 1599 1649 iublS.c0dioelllbliotlr.
1720 1636 1723 1641 .

118 1676 241 1737 Petrum
252 1674 365 1753 44440,
376 1678 443 1737 sive
455 1674 591 1740 emesa
603 1677 819 1757 exopidoclo·
872 1676 1089 1739 Tboruniensis
1105 1675 1134 1750 4))
1152 1673 1281 1736 traditur
1300 1688 1372 1735 sum
1389 1672 1599 1737 conclusiones

66 1766 185 1831 diensi
204 1770 272 1829 sius
287 1768 440 1849 clugisnsi
458 1770 615 1847 (chloran)
628 1769 818 1833 4440444444-
871 1768 1020 1831 4444796
1046 1770 1077 1829 44
1093 1766 1263 1830 Euclidem
1278 1766 1393 1828 44444444
1408 1763 1498 1829 duno
1518 1768 1597 1831 4334

65 1868 190 1945 metae,
208 1860 333 1925 Ordinis
348 1862 608 1941 Praedicatorum,
624 1866 706 1927 circa
722 1867 817 1927 seculi
871 1865 910 1927 ds
923 1864 1041 1926 librario
1056 1864 1265 1942 potiusquam
1281 1860 1319 1923 dc
1335 1867 1459 1945 auctom
1482 1864 1598 1923 estin

62 1954 152 2019 xlv
171 1955 273 2031 initia,
288 1957 410 2036 scripsit
425 1956 545 2020 duobus
566 1959 740 2039 ingentibus
762 1960 818 2020 vn
871 1957 1078 2038 teiligsndum.
1106 1952 1263 2015 Euclidem
1284 1972 1327 2017 em
1346 1951 1480 2015 Arabico
1505 1954 1598 2017 vernt

63 2046 253 2113 inminibus
265 2048 555 2128 sturmariorum,
568 2069 648 2131 qtrse
665 2054 695 2113 44
707 2053 818 2116 Barbe-
870 2053 1000 2115 loannes
1027 2050 1202 2131 Campanus
1229 2047 1314 2111 eirca
1333 2047 1370 2109 A.
1397 2048 1432 2111 G.
1456 2048 1487 2111 si
1514 2047 1598 2111 Vola·

64 2146 148 2205 rina
164 2149 261 2223 atque
288 2146 319 2205 in
350 2146 417 2208 aliis
433 2147 553 2219 ltaliae,
569 2148 661 2209 stium
688 2144 815 2226 Augilas
871 2151 995 2207 terrane
1024 2143 1100 2224 fides
1133 2148 1199 2221 est,
1229 2140 1430 2205 millesimum.
1459 2139 1599 2205 Arabum

65 2238 280 2301 Bibliothecis
295 2240 379 2301 blSta
389 2245 562 2303 servantur.
576 2238 651 2326 i'ido
661 2238 814 2303 oudinum
869 2243 971 2301 autem
985 2236 1260 2317 interpretationem
1283 2239 1483 2316 pertusatas,
1510 2234 1597 2317 foede

67 2336 167 2395 tomo
183 2332 227 2394 444
243 2350 313 2413 pag.
329 2334 389 2395 696
405 2350 470 2413 seq.
498 2340 530 2395 et
555 2333 657 2397 444464
683 2334 814 2397 Eobardi
864 2348 1049 2413 perversum
1066 2328 1154 2393 nobis
1173 2328 1331 2393 Euclidem
1347 2328 1479 2411 44444444,
1493 2327 1596 2409 judice

67 2424 303 2489 Bibliothecam
315 2429 749 2508 scriptorumllominlcanort.
761 2432 772 2491 l
784 2447 814 2509 p.
869 2427 977 2489 fluctio
993 2444 1021 2506 p.
1039 2426 1101 2489 tsi
1113 2427 1152 2489 ds
1172 2426 1262 2489 claris
1279 2423 1505 2503 interpretibus
1527 2426 1597 2486 Pro-

56 2518 133 2584 4444
157 2521 214 2599 qui
232 2537 271 2582 er
282 2522 412 2583 44444444
425 2523 518 2583 etiem
532 2520 741 2600 huiuscalotii
752 2530 814 2584 tra-
845 2588 848 2593 ,
868 2520 1077 2600 diltcsmpani
1088 2517 1457 2583 EuclidesVenetiisllic
1468 2518 1595 2581 iolcum

75 2619 206 2677 etatum
218 2611 384 2677 (4444444444
394 2612 546 2695 mysteriis
560 2613 812 2692 ucunasaora,
867 2616 1051 2696 praelatione
1067 2615 1195 2679 Erbardi
1207 2613 1360 2677 llatboldi:
1377 2613 1596 2675 conclusiones

80 2706 189 2771 Vitam
205 2708 237 2769 8.
254 2706 425 2783 hominist,
439 2708 644 2773 4484444444
656 2717 812 2771 memorat.
863 2726 937 2773 vero
952 2711 1098 2790 campani
1115 2710 1207 2771 stiam
1228 2708 1447 2771 recentioribus
1470 2707 1596 2786 quibus·

119 2799 476 2865 mastaurensium
507 2802 700 2865 historiarum
724 2804 815 2865 colic-
866 2802 937 2865 dam
953 2803 1089 2867 Euclidis
1105 2802 1297 2865 versionibus
1313 2800 1433 2863 additae
1449 2809 1539 2877 sarit,
1560 2811 1594 2864 ut

70 2899 148 2957 ctor
162 2890 354 2973 dispartiunt
367 2894 536 2959 Eortant'us
547 2896 739 2960 Florentinus
749 2897 813 2960 iau·
865 2897 1085 2961 Bartholomaei
1099 2896 1264 2972 lamberti,
1277 2896 1503 2968 Veneti,l²aris.
1514 2897 1594 2959 4646

71 2986 173 3051 detur
188 2989 300 3051 statio
316 2990 405 3070 Nigro
421 2989 459 3051 de
476 2990 673 3070 scriptoribus
693 2992 814 3055 Floren-
866 2990 1059 3067 3444444437,
1077 2990 1156 3055 4546
1171 2995 1204 3051 44
1222 2991 1302 3054 4558
1320 2990 1368 3051 444.
1387 2991 1513 3054 caetera
1526 2989 1595 3068 ejus

73 3083 157 3144 tinis
172 3098 239 3163 pag.
262 3084 291 3143 6.
314 3089 345 3145 44
372 3085 402 3145 44
424 3084 510 3147 Actis
530 3084 711 3147 Sanctorum
731 3085 812 3146 lunii
867 3086 980 3164 scripta
994 3081 1317 3159 suntcalendarium,
1330 3083 1461 3145 libellus
1473 3081 1597 3163 depura-

72 3182 155 3239 tum.
173 3178 188 3239 1
204 3194 233 3259 p.
249 3174 318 3239 874.
333 3176 411 3255 Ejus
427 3177 494 3241 libri
509 3183 574 3239 tres
593 3176 735 3239 historias
755 3177 813 3240 ca·
865 3175 999 3238 dratura
1013 3175 1127 3239 circuli
1139 3177 1249 3238 obvius
1261 3178 1290 3237 iu
1302 3174 1468 3255 appendice
1481 3178 1596 3256 444444-

72 3270 284 3351 ,meldunam
300 3270 438 3352 prodiere
454 3272 622 3334 Florentiae
638 3270 728 3335 46744.
741 3287 811 3351 pars
866 3272 941 3334 ritas
957 3270 1193 3349 Philomphtmc,
1208 3268 1347 3351 Sphaera
1360 3267 1438 3329 etde
1450 3268 1537 3331 moda
1546 3266 1595 3352 fa·

78 3366 237 3446 posterior
248 3364 385 3427 venetiis
401 3364 514 3439 46794
526 3364 634 3441 (Libris
646 3364 681 3442 v)
696 3362 736 3425 ds
752 3380 812 3443 qua
868 3361 1008 3426 bricandi
1020 3361 1182 3444 sphaeram
1196 3361 1335 3439 solidam
1350 3361 1509 3425 theoricae
1523 3362 1593 3425 ets

76 3460 224 3527 labbeus
237 3461 268 3521 in
278 3459 461 3522 bibliotheca
471 3457 814 3521 bibliothecarumcui-
865 3463 1026 3529 netarum,
1055 3458 1100 3519 De
1127 3462 1264 3537 computo
1284 3455 1519 3536 Ecclesiastico,
1549 3459 1595 3520 lle

76 3554 170 3617 donis
185 3548 306 3615 Grandi
319 3550 549 3614 dissertationes
561 3551 815 3615 Camaldulensrs
866 3552 1075 3632 compositione
1100 3551 1283 3634 quadrantis
1310 3559 1342 3613 et
1368 3549 1594 3634 breviloquium

78 3648 183 3711 editae
195 3649 293 3709 buces
304 3644 393 3717 4707,
408 3647 435 3707 4.
446 3646 486 3707 de
500 3646 611 3725 quibus
620 3647 698 3709 loth
706 3645 814 3709 444444-
866 3644 1020 3711 undecim
1032 3647 1187 3727 sipnmum
1203 3645 1330 3711 Zodtbci
1339 3648 1368 3708 44
1385 3664 1446 3727 quo
1459 3649 1591 3729 peculis-

78 3751 186 3805 torum
202 3740 261 3803 dn.
279 3738 357 3803 4709
378 3738 668 3820 papiensium
684 3742 812 3821 stapam
866 3757 931 3801 rem
952 3740 1076 3803 modum
1106 3741 1241 3821 erigendi
1268 3742 1423 3805 Tirematis
1449 3744 1591 3805 coelestis
1651 3750 1657 3757 ’

77 3840 148 3899 sive
158 3833 331 3915 Magnotr'us
346 3834 536 3896 conchensis
550 3835 581 3896 ln
595 3835 679 3898 libris
694 3835 813 3899 duobus
865 3852 920 3915 per
936 3834 1116 3898 divisionem
1143 3837 1298 3899 verticalis
1313 3838 1446 3915 primarii
1474 3841 1594 3918 excogi-

78 3930 119 3993 de
136 3931 240 3993 Eremi
261 3928 505 3991 camaldulensis
519 3930 739 4010 descriptione,
756 3933 814 3993 llo-
867 3931 958 4005 tavit,
973 3947 1067 4008 quem
1083 3930 1219 3993 Garulus
1238 3932 1397 4010 haguseus
1413 3929 1593 4011 Astrologus

80 4042 151 4087 mas
170 4022 266 4097 4570,
284 4023 301 4083 4
319 4025 397 4083 etin
415 4023 500 4085 ltalia
517 4025 812 4087 illustratallranooi.
867 4025 917 4101 qui
932 4022 991 4097 44,
1009 4023 1087 4085 4438
1102 4024 1221 4097 floruit,
1238 4028 1287 4084 cst
1303 4029 1438 4085 secutus.

81 4121 165 4184 4606
182 4118 230 4179 iol.
242 4118 343 4179 ducas
356 4116 587 4189 Barcinonensis
600 4118 813 4181 inllomualdi-
901 4117 1032 4178 ioannes
1056 4113 1205 4177 Antonias
1221 4114 1426 4179 cenninus
1442 4117 1481 4193 (a
1496 4119 1593 4195 patria

81 4214 203 4286 nasius
213 4210 421 4272 deEremitico
432 4213 812 4276 montiscoronaecamal·
865 4211 998 4274 cavallis
1009 4228 1085 4291 pago
1101 4210 1298 4292 Campaniae)
1311 4210 1477 4273 nobillitata
1491 4222 1546 4289 per
1561 4212 1592 4271 in

80 4306 220 4369 dolensis
236 4302 349 4365 Ordine
365 4303 810 4385 historial587,8et(itsliccl
864 4307 943 4386 genii
966 4306 1140 4369 felicitatem
1156 4305 1327 4369 humilitate
1354 4306 1497 4385 originis,
1522 4304 1594 4384 Epi-

78 4402 188 4472 444444.
204 4396 515 4472 incusationes
527 4397 565 4459 de
575 4399 666 4461 lliru's
680 4403 709 4462 in
721 4404 810 4466 cata·
863 4418 974 4482 scopus
984 4403 1042 4465 sub
1054 4404 1105 4465 Pio
1116 4403 1140 4463 ll
1155 4408 1188 4463 44
1201 4402 1293 4465 Paulo
1310 4402 1335 4463 ll
1354 4401 1591 4463 interamnensis

79 4495 146 4575 logo
167 4494 349 4557 Sanctorum
373 4495 596 4573 beatorumque
615 4500 648 4555 et
662 4494 808 4575 dignitate
862 4498 929 4557 sive
945 4494 1250 4576 Aprutluns,deinde
1264 4513 1319 4575 per
1335 4494 1504 4556 liberiorem
1520 4494 1592 4574 Epi·

80 4606 116 4650 ac
130 4587 298 4649 virtutibus
314 4586 462 4647 clarorum
475 4586 545 4669 Ord.
557 4587 808 4651 Camaldulensls.
862 4590 972 4653 stolam
988 4592 1015 4667 o)
1032 4591 1061 4651 in
1073 4606 1198 4670 gravem
1213 4590 1290 4653 Sinti
1301 4590 1341 4651 IV
1354 4586 1590 4669 indignationem

81 4683 159 4745 Flor.
179 4681 273 4755 4606,
290 4681 316 4740 4.
335 4679 489 4742 videndus
509 4687 541 4743 ct
554 4678 708 4747 Arnoldus
723 4686 810 4750 Wion
863 4684 1008 4760 incurrit,
1025 4689 1299 4763 exauctoratusque
1315 4688 1347 4743 et
1362 4682 1433 4747 exul
1450 4681 1523 4745 obiit
1537 4682 1592 4745 Ss-

80 4779 112 4839 in
129 4777 219 4856 ligno.
227 4777 309 4835 vitae
324 4774 519 4853 libro·primo,
529 4784 562 4839 ct
574 4794 653 4856 quas
669 4794 761 4858 supra
778 4783 808 4842 in

79 4871 242 4933 Ambrosio
255 4868 421 4932 camaldul.
434 4886 463 4949 p.
478 4868 530 4947 78,
547 4871 630 4933 illst
646 4871 721 4935 dots
733 4876 809 4936 Sun-
903 4859 930 4922 4)
946 4860 1101 4911 '‘¹¹¹¹‘mlui
1118 4873 1175 4923 444·
1192 4860 1239 4911 '³⁹⁴
1256 4863 1287 4911 ‘¹⁰
1303 4866 1326 4913 ⁸·
1343 4866 1375 4914 Ε·

77 4959 807 5031 storum7Fehr.rrbldeS.llomualdolundators
860 4934 1593 5072 ‚ubss‘ffssss'fssffl'sszfn¹¹⁰¹¹¹¹⁸⁸¹¹’¹·T¹¹⁰¹⁰¹²¹‘¹¹·

77 5059 308 5136 Ordinis,quem
319 5054 406 5135 ajunt
419 5056 499 5120 diem
516 5058 626 5121 obiissc
636 5058 694 5122 dn.
712 5060 800 5127 4027.
899 5086 930 5146 s>
947 5084 1192 5151 praenumerata
1210 5086 1236 5137 r.
