<?xml version="1.0" encoding="UTF-8"?>
<!DOCTYPE html PUBLIC "-//W3C//DTD XHTML 1.0 Transitional//EN"
    "http://www.w3.org/TR/xhtml1/DTD/xhtml1-transitional.dtd">
<html xmlns="http://www.w3.org/1999/xhtml" xml:lang="en" lang="en">
 <head>
  <title>
</title>
<meta http-equiv="Content-Type" content="text/html;charset=utf-8" />
  <meta name='ocr-system' content='tesseract 3.04.00' />
  <meta name='ocr-capabilities' content='ocr_page ocr_carea ocr_par ocr_line ocrx_word'/>
</head>
<body>
  <div class='ocr_page' id='page_1' title='image "./bibliothecalati00gallgoog/bibliothecalati00gallgoog_0131.png"; bbox 0 0 3464 5318; ppageno 0'>
   <div class='ocr_carea' id='block_1_1' title="bbox 210 287 1120 353">
    <p class='ocr_par' dir='ltr' id='par_1_1' title="bbox 210 287 1120 353">
     <span class='ocr_line' id='line_1_1' title="bbox 210 287 1120 353; baseline -0.004 -1"><span class='ocrx_word' id='word_1_1' title='bbox 210 291 270 353; x_wconf 73' lang='lat' dir='ltr'>lab</span> <span class='ocrx_word' id='word_1_2' title='bbox 791 287 978 350; x_wconf 81' lang='lat' dir='ltr'>A-N·T·0N</span> <span class='ocrx_word' id='word_1_3' title='bbox 994 287 1120 350; x_wconf 84' lang='lat' dir='ltr'>1N·U·S</span> 
     </span>
    </p>
   </div>
   <div class='ocr_carea' id='block_1_2' title="bbox 204 393 1694 1125">
    <p class='ocr_par' dir='ltr' id='par_1_2' title="bbox 205 393 1693 751">
     <span class='ocr_line' id='line_1_2' title="bbox 206 393 1693 472; baseline -0.002 -13"><span class='ocrx_word' id='word_1_4' title='bbox 206 401 239 459; x_wconf 95' lang='lat' dir='ltr'>ln</span> <span class='ocrx_word' id='word_1_5' title='bbox 261 396 354 456; x_wconf 87' lang='lat' dir='ltr'>altero</span> <span class='ocrx_word' id='word_1_6' title='bbox 368 393 509 461; x_wconf 59' lang='lat' dir='ltr'>,eiusdem</span> <span class='ocrx_word' id='word_1_7' title='bbox 523 393 678 459; x_wconf 76' lang='lat' dir='ltr'>,codsunt</span> <span class='ocrx_word' id='word_1_8' title='bbox 697 397 788 456; x_wconf 89' lang='lat' dir='ltr'>etiam</span> <span class='ocrx_word' id='word_1_9' title='bbox 809 397 924 457; x_wconf 88' lang='lat' dir='ltr'>concio-</span> <span class='ocrx_word' id='word_1_10' title='bbox 979 397 1072 456; x_wconf 89' lang='lat' dir='ltr'>tonini</span> <span class='ocrx_word' id='word_1_11' title='bbox 1089 396 1161 472; x_wconf 90' lang='lat' dir='ltr'>imp.</span> <span class='ocrx_word' id='word_1_12' title='bbox 1184 395 1263 454; x_wconf 90' lang='lat' dir='ltr'>notis</span> <span class='ocrx_word' id='word_1_13' title='bbox 1291 393 1462 472; x_wconf 78' lang='lat' dir='ltr'><strong>Hieronymi</strong></span> <span class='ocrx_word' id='word_1_14' title='bbox 1491 394 1611 454; x_wconf 86' lang='lat' dir='ltr'>Suritae</span> <span class='ocrx_word' id='word_1_15' title='bbox 1631 394 1693 456; x_wconf 92' lang='lat' dir='ltr'>illu·</span> 
     </span>
     <span class='ocr_line' id='line_1_3' title="bbox 206 485 1693 566; baseline -0.003 -14"><span class='ocrx_word' id='word_1_16' title='bbox 206 507 263 552; x_wconf 88' lang='lat' dir='ltr'>nes</span> <span class='ocrx_word' id='word_1_17' title='bbox 278 486 429 565; x_wconf 84' lang='lat' dir='ltr'>quaedam.</span> <span class='ocrx_word' id='word_1_18' title='bbox 440 487 576 548; x_wconf 89' lang='lat' dir='ltr'>eiusdem</span> <span class='ocrx_word' id='word_1_19' title='bbox 593 489 763 566; x_wconf 83' lang='lat' dir='ltr'>scriptoris,</span> <span class='ocrx_word' id='word_1_20' title='bbox 781 489 834 550; x_wconf 87' lang='lat' dir='ltr'>sed</span> <span class='ocrx_word' id='word_1_21' title='bbox 851 491 925 551; x_wconf 84' lang='lat' dir='ltr'>torte</span> <span class='ocrx_word' id='word_1_22' title='bbox 979 494 1087 562; x_wconf 82' lang='lat' dir='ltr'>strata,</span> <span class='ocrx_word' id='word_1_23' title='bbox 1104 488 1255 547; x_wconf 86' lang='lat' dir='ltr'>ltinemrio</span> <span class='ocrx_word' id='word_1_24' title='bbox 1272 485 1475 565; x_wconf 86' lang='lat' dir='ltr'>burdigalensi</span> <span class='ocrx_word' id='word_1_25' title='bbox 1485 489 1549 548; x_wconf 81' lang='lat' dir='ltr'>sire</span> <span class='ocrx_word' id='word_1_26' title='bbox 1564 489 1693 548; x_wconf 85' lang='lat' dir='ltr'>Hieroso</span> 
     </span>
     <span class='ocr_line' id='line_1_4' title="bbox 206 579 1693 661; baseline -0.002 -17"><span class='ocrx_word' id='word_1_27' title='bbox 206 584 244 644; x_wconf 90' lang='lat' dir='ltr'>ab</span> <span class='ocrx_word' id='word_1_28' title='bbox 265 580 355 642; x_wconf 84' lang='lat' dir='ltr'>oditis</span> <span class='ocrx_word' id='word_1_29' title='bbox 375 596 434 639; x_wconf 92' lang='lat' dir='ltr'>non</span> <span class='ocrx_word' id='word_1_30' title='bbox 454 579 600 641; x_wconf 88' lang='lat' dir='ltr'>diversae.</span> <span class='ocrx_word' id='word_1_31' title='bbox 611 579 684 642; x_wconf 84' lang='lat' dir='ltr'>Vide</span> <span class='ocrx_word' id='word_1_32' title='bbox 704 581 836 661; x_wconf 86' lang='lat' dir='ltr'>Catalog.</span> <span class='ocrx_word' id='word_1_33' title='bbox 847 585 927 645; x_wconf 85' lang='lat' dir='ltr'>eiua-</span> <span class='ocrx_word' id='word_1_34' title='bbox 980 581 1138 658; x_wconf 77' lang='lat' dir='ltr'>lymitano,</span> <span class='ocrx_word' id='word_1_35' title='bbox 1169 581 1334 658; x_wconf 77' lang='lat' dir='ltr'>fragmento</span> <span class='ocrx_word' id='word_1_36' title='bbox 1360 581 1479 645; x_wconf 90' lang='lat' dir='ltr'>tabulae</span> <span class='ocrx_word' id='word_1_37' title='bbox 1508 581 1647 656; x_wconf 89' lang='lat' dir='ltr'>alterius,</span> <span class='ocrx_word' id='word_1_38' title='bbox 1665 586 1693 641; x_wconf 83' lang='lat' dir='ltr'>et</span> 
     </span>
     <span class='ocr_line' id='line_1_5' title="bbox 205 669 1693 751; baseline -0.002 -16"><span class='ocrx_word' id='word_1_39' title='bbox 205 676 276 737; x_wconf 85' lang='lat' dir='ltr'>dem</span> <span class='ocrx_word' id='word_1_40' title='bbox 296 672 369 734; x_wconf 90' lang='lat' dir='ltr'>bibl.</span> <span class='ocrx_word' id='word_1_41' title='bbox 391 690 457 751; x_wconf 82' lang='lat' dir='ltr'>pag.</span> <span class='ocrx_word' id='word_1_42' title='bbox 481 673 528 733; x_wconf 76' lang='grc'><strong>34.</strong></span> <span class='ocrx_word' id='word_1_43' title='bbox 979 675 1128 734; x_wconf 88' lang='lat' dir='ltr'>itinerario</span> <span class='ocrx_word' id='word_1_44' title='bbox 1163 669 1305 733; x_wconf 72' lang='lat' dir='ltr'><strong>Antonini</strong></span> <span class='ocrx_word' id='word_1_45' title='bbox 1340 673 1479 749; x_wconf 79' lang='lat' dir='ltr'>Martyris</span> <span class='ocrx_word' id='word_1_46' title='bbox 1511 688 1546 733; x_wconf 92' lang='lat' dir='ltr'>ac</span> <span class='ocrx_word' id='word_1_47' title='bbox 1575 673 1693 733; x_wconf 76' lang='lat' dir='ltr'>loannis</span> 
     </span>
    </p>

    <p class='ocr_par' dir='ltr' id='par_1_3' title="bbox 204 764 1694 1125">
     <span class='ocr_line' id='line_1_6' title="bbox 246 764 1694 848; baseline -0.002 -19"><span class='ocrx_word' id='word_1_48' title='bbox 246 769 304 844; x_wconf 81' lang='grc'>446</span> <span class='ocrx_word' id='word_1_49' title='bbox 323 767 447 828; x_wconf 87' lang='lat' dir='ltr'>Summa</span> <span class='ocrx_word' id='word_1_50' title='bbox 468 764 638 846; x_wconf 74' lang='lat' dir='ltr'>Tirealaqica</span> <span class='ocrx_word' id='word_1_51' title='bbox 655 768 686 829; x_wconf 84' lang='lat' dir='ltr'>in</span> <span class='ocrx_word' id='word_1_52' title='bbox 702 768 746 831; x_wconf 84' lang='lat' dir='ltr'>IV</span> <span class='ocrx_word' id='word_1_53' title='bbox 756 774 861 848; x_wconf 82' lang='lat' dir='ltr'>partes</span> <span class='ocrx_word' id='word_1_54' title='bbox 880 768 926 829; x_wconf 83' lang='lat' dir='ltr'>di·</span> <span class='ocrx_word' id='word_1_55' title='bbox 978 766 1099 826; x_wconf 82' lang='lat' dir='ltr'>Phocoe.</span> <span class='ocrx_word' id='word_1_56' title='bbox 1115 765 1174 826; x_wconf 89' lang='lat' dir='ltr'>Sed</span> <span class='ocrx_word' id='word_1_57' title='bbox 1190 782 1259 825; x_wconf 87' lang='lat' dir='ltr'>ecce</span> <span class='ocrx_word' id='word_1_58' title='bbox 1275 765 1328 825; x_wconf 90' lang='lat' dir='ltr'>tibi</span> <span class='ocrx_word' id='word_1_59' title='bbox 1348 764 1508 825; x_wconf 78' lang='lat' dir='ltr'><strong>elenchum</strong></span> <span class='ocrx_word' id='word_1_60' title='bbox 1536 765 1694 826; x_wconf 87' lang='lat' dir='ltr'>itinerario-</span> 
     </span>
     <span class='ocr_line' id='line_1_7' title="bbox 204 856 1693 941; baseline -0.001 -20"><span class='ocrx_word' id='word_1_61' title='bbox 204 857 345 921; x_wconf 83' lang='lat' dir='ltr'>stribata.</span> <span class='ocrx_word' id='word_1_62' title='bbox 366 859 496 919; x_wconf 76' lang='lat' dir='ltr'>Veronae</span> <span class='ocrx_word' id='word_1_63' title='bbox 512 876 554 919; x_wconf 79' lang='lat' dir='ltr'>em</span> <span class='ocrx_word' id='word_1_64' title='bbox 579 865 636 941; x_wconf 80' lang='lat' dir='ltr'>typ.</span> <span class='ocrx_word' id='word_1_65' title='bbox 666 863 775 924; x_wconf 83' lang='lat' dir='ltr'>semin.</span> <span class='ocrx_word' id='word_1_66' title='bbox 794 864 874 937; x_wconf 78' lang='grc'><strong>4740</strong></span> <span class='ocrx_word' id='word_1_67' title='bbox 893 862 924 922; x_wconf 84' lang='lat' dir='ltr'>ia</span> <span class='ocrx_word' id='word_1_68' title='bbox 978 876 1046 919; x_wconf 91' lang='lat' dir='ltr'>rum</span> <span class='ocrx_word' id='word_1_69' title='bbox 1063 858 1169 919; x_wconf 90' lang='lat' dir='ltr'>borum</span> <span class='ocrx_word' id='word_1_70' title='bbox 1190 866 1436 936; x_wconf 88' lang='lat' dir='ltr'>caeterorumque</span> <span class='ocrx_word' id='word_1_71' title='bbox 1450 856 1540 918; x_wconf 88' lang='lat' dir='ltr'>medii</span> <span class='ocrx_word' id='word_1_72' title='bbox 1568 859 1636 919; x_wconf 85' lang='lat' dir='ltr'>aevi</span> <span class='ocrx_word' id='word_1_73' title='bbox 1654 857 1693 919; x_wconf 77' lang='lat' dir='ltr'>al</span> 
     </span>
     <span class='ocr_line' id='line_1_8' title="bbox 204 949 1691 1035; baseline -0.001 -22"><span class='ocrx_word' id='word_1_74' title='bbox 204 952 254 1035; x_wconf 75' lang='lat' dir='ltr'>fol.</span> <span class='ocrx_word' id='word_1_75' title='bbox 275 950 333 1015; x_wconf 86' lang='lat' dir='ltr'>Vol.</span> <span class='ocrx_word' id='word_1_76' title='bbox 352 953 370 1012; x_wconf 89' lang='lat'><em>1</em></span> <span class='ocrx_word' id='word_1_77' title='bbox 373 954 403 1026; x_wconf 87' lang='lat' dir='ltr'>V,</span> <span class='ocrx_word' id='word_1_78' title='bbox 424 953 598 1031; x_wconf 80' lang='lat' dir='ltr'>praemissis</span> <span class='ocrx_word' id='word_1_79' title='bbox 615 955 691 1014; x_wconf 91' lang='lat' dir='ltr'>Vitis</span> <span class='ocrx_word' id='word_1_80' title='bbox 707 973 723 1015; x_wconf 90' lang='lat' dir='ltr'>a</span> <span class='ocrx_word' id='word_1_81' title='bbox 742 957 772 1015; x_wconf 90' lang='lat' dir='ltr'>F.</span> <span class='ocrx_word' id='word_1_82' title='bbox 790 957 924 1017; x_wconf 79' lang='lat' dir='ltr'>Castilio</span> <span class='ocrx_word' id='word_1_83' title='bbox 976 951 1180 1028; x_wconf 88' lang='lat' dir='ltr'>phabeticum,</span> <span class='ocrx_word' id='word_1_84' title='bbox 1192 953 1217 1010; x_wconf 91' lang='lat' dir='ltr'>si</span> <span class='ocrx_word' id='word_1_85' title='bbox 1231 953 1299 1029; x_wconf 88' lang='lat' dir='ltr'>quis</span> <span class='ocrx_word' id='word_1_86' title='bbox 1314 950 1362 1012; x_wconf 93' lang='lat' dir='ltr'>illa</span> <span class='ocrx_word' id='word_1_87' title='bbox 1373 951 1465 1011; x_wconf 83' lang='lat' dir='ltr'>vellet</span> <span class='ocrx_word' id='word_1_88' title='bbox 1479 952 1509 1009; x_wconf 92' lang='lat' dir='ltr'>in</span> <span class='ocrx_word' id='word_1_89' title='bbox 1525 949 1691 1012; x_wconf 86' lang='lat' dir='ltr'>studiorum</span> 
     </span>
     <span class='ocr_line' id='line_1_9' title="bbox 205 1042 1691 1125; baseline -0.003 -17"><span class='ocrx_word' id='word_1_90' title='bbox 205 1065 276 1125; x_wconf 86' lang='lat' dir='ltr'>neo,</span> <span class='ocrx_word' id='word_1_91' title='bbox 293 1064 319 1107; x_wconf 91' lang='lat' dir='ltr'>c.</span> <span class='ocrx_word' id='word_1_92' title='bbox 336 1045 403 1106; x_wconf 90' lang='lat' dir='ltr'>add.</span> <span class='ocrx_word' id='word_1_93' title='bbox 423 1045 636 1122; x_wconf 88' lang='lat' dir='ltr'>Seruberti,F.</span> <span class='ocrx_word' id='word_1_94' title='bbox 647 1048 729 1107; x_wconf 86' lang='lat' dir='ltr'>Vinc.</span> <span class='ocrx_word' id='word_1_95' title='bbox 741 1049 881 1110; x_wconf 86' lang='lat' dir='ltr'>blainardi</span> <span class='ocrx_word' id='word_1_96' title='bbox 892 1056 923 1110; x_wconf 91' lang='lat' dir='ltr'>et</span> <span class='ocrx_word' id='word_1_97' title='bbox 976 1059 1051 1103; x_wconf 89' lang='lat' dir='ltr'>usus</span> <span class='ocrx_word' id='word_1_98' title='bbox 1067 1051 1391 1121; x_wconf 77' lang='lat' dir='ltr'>recognoscere‚atque</span> <span class='ocrx_word' id='word_1_99' title='bbox 1400 1046 1480 1103; x_wconf 92' lang='lat' dir='ltr'>notis</span> <span class='ocrx_word' id='word_1_100' title='bbox 1489 1042 1691 1121; x_wconf 82' lang='lat' dir='ltr'>iudicibusque</span> 
     </span>
    </p>
   </div>
   <div class='ocr_carea' id='block_1_3' title="bbox 99 1135 1691 1218">
    <p class='ocr_par' dir='ltr' id='par_1_4' title="bbox 99 1135 1691 1218">
     <span class='ocr_line' id='line_1_10' title="bbox 99 1135 1691 1218; baseline -0.003 -20"><span class='ocrx_word' id='word_1_101' title='bbox 99 1140 103 1149; x_wconf 87' lang='lat'>&#39;</span> <span class='ocrx_word' id='word_1_102' title='bbox 203 1143 238 1202; x_wconf 87' lang='lat' dir='ltr'>E.</span> <span class='ocrx_word' id='word_1_103' title='bbox 256 1140 358 1218; x_wconf 84' lang='lat' dir='ltr'>lapini</span> <span class='ocrx_word' id='word_1_104' title='bbox 374 1138 562 1216; x_wconf 77' lang='lat' dir='ltr'>conscriptis,</span> <span class='ocrx_word' id='word_1_105' title='bbox 579 1139 738 1201; x_wconf 81' lang='lat' dir='ltr'>benedicto</span> <span class='ocrx_word' id='word_1_106' title='bbox 748 1142 815 1202; x_wconf 84' lang='lat' dir='ltr'>xlv</span> <span class='ocrx_word' id='word_1_107' title='bbox 825 1140 922 1203; x_wconf 74' lang='lat' dir='ltr'>dicata</span> <span class='ocrx_word' id='word_1_108' title='bbox 976 1135 1089 1196; x_wconf 84' lang='lat' dir='ltr'>idoneis</span> <span class='ocrx_word' id='word_1_109' title='bbox 1104 1135 1224 1207; x_wconf 89' lang='lat' dir='ltr'>additis,</span> <span class='ocrx_word' id='word_1_110' title='bbox 1236 1136 1435 1216; x_wconf 84' lang='lat' dir='ltr'>Geograpbiae</span> <span class='ocrx_word' id='word_1_111' title='bbox 1449 1136 1569 1197; x_wconf 88' lang='lat' dir='ltr'>illorum</span> <span class='ocrx_word' id='word_1_112' title='bbox 1584 1140 1691 1215; x_wconf 83' lang='lat' dir='ltr'>tempo</span> 
     </span>
    </p>
   </div>
   <div class='ocr_carea' id='block_1_4' title="bbox 200 1228 1705 2516">
    <p class='ocr_par' dir='ltr' id='par_1_5' title="bbox 200 1228 1688 1776">
     <span class='ocr_line' id='line_1_11' title="bbox 203 1228 1688 1313; baseline -0.002 -20"><span class='ocrx_word' id='word_1_113' title='bbox 203 1232 311 1313; x_wconf 83' lang='lat' dir='ltr'>prodiit</span> <span class='ocrx_word' id='word_1_114' title='bbox 326 1249 389 1293; x_wconf 89' lang='lat' dir='ltr'>cur.</span> <span class='ocrx_word' id='word_1_115' title='bbox 407 1231 717 1294; x_wconf 73' lang='lat' dir='ltr'>Cl..Petro‚ballerini.</span> <span class='ocrx_word' id='word_1_116' title='bbox 729 1232 807 1295; x_wconf 90' lang='lat' dir='ltr'>Cura</span> <span class='ocrx_word' id='word_1_117' title='bbox 817 1241 922 1295; x_wconf 89' lang='lat' dir='ltr'>etstu-</span> <span class='ocrx_word' id='word_1_118' title='bbox 974 1246 1041 1289; x_wconf 92' lang='lat' dir='ltr'>rum</span> <span class='ocrx_word' id='word_1_119' title='bbox 1059 1230 1153 1291; x_wconf 82' lang='lat' dir='ltr'>lacem</span> <span class='ocrx_word' id='word_1_120' title='bbox 1169 1228 1355 1296; x_wconf 67' lang='lat' dir='ltr'>accendere„</span> <span class='ocrx_word' id='word_1_121' title='bbox 1366 1230 1486 1290; x_wconf 75' lang='lat' dir='ltr'>Litteris</span> <span class='ocrx_word' id='word_1_122' title='bbox 1500 1229 1688 1290; x_wconf 77' lang='lat' dir='ltr'>canentibus</span> 
     </span>
     <span class='ocr_line' id='line_1_12' title="bbox 203 1323 1601 1404; baseline -0.002 -19"><span class='ocrx_word' id='word_1_123' title='bbox 203 1327 253 1386; x_wconf 93' lang='lat' dir='ltr'>dio</span> <span class='ocrx_word' id='word_1_124' title='bbox 267 1332 368 1387; x_wconf 85' lang='lat' dir='ltr'>autem</span> <span class='ocrx_word' id='word_1_125' title='bbox 386 1326 417 1384; x_wconf 82' lang='lat' dir='ltr'>F.</span> <span class='ocrx_word' id='word_1_126' title='bbox 439 1324 492 1384; x_wconf 83' lang='lat' dir='ltr'>Tb.</span> <span class='ocrx_word' id='word_1_127' title='bbox 517 1325 661 1386; x_wconf 81' lang='lat' dir='ltr'>Mamaobi</span> <span class='ocrx_word' id='word_1_128' title='bbox 678 1333 709 1386; x_wconf 88' lang='lat' dir='ltr'>et</span> <span class='ocrx_word' id='word_1_129' title='bbox 725 1328 846 1404; x_wconf 80' lang='lat' dir='ltr'>Dionys.</span> <span class='ocrx_word' id='word_1_130' title='bbox 866 1330 922 1388; x_wconf 88' lang='lat' dir='ltr'>be-</span> <span class='ocrx_word' id='word_1_131' title='bbox 974 1325 1120 1402; x_wconf 78' lang='lat' dir='ltr'>expressi,</span> <span class='ocrx_word' id='word_1_132' title='bbox 1137 1324 1188 1400; x_wconf 88' lang='lat' dir='ltr'>qui</span> <span class='ocrx_word' id='word_1_133' title='bbox 1207 1323 1312 1382; x_wconf 80' lang='lat' dir='ltr'>Latine</span> <span class='ocrx_word' id='word_1_134' title='bbox 1324 1338 1383 1381; x_wconf 93' lang='lat' dir='ltr'>non</span> <span class='ocrx_word' id='word_1_135' title='bbox 1400 1323 1601 1400; x_wconf 83' lang='lat' dir='ltr'>scripserunt</span> 
     </span>
     <span class='ocr_line' id='line_1_13' title="bbox 204 1413 1633 1495; baseline -0.002 -17"><span class='ocrx_word' id='word_1_136' title='bbox 204 1418 331 1480; x_wconf 81' lang='lat' dir='ltr'>medelli.</span> <span class='ocrx_word' id='word_1_137' title='bbox 347 1415 517 1478; x_wconf 73' lang='lat' dir='ltr'>Florentiae</span> <span class='ocrx_word' id='word_1_138' title='bbox 548 1417 666 1479; x_wconf 84' lang='lat' dir='ltr'>Vioiani</span> <span class='ocrx_word' id='word_1_139' title='bbox 693 1419 779 1495; x_wconf 80' lang='grc'><strong>4744,</strong></span> <span class='ocrx_word' id='word_1_140' title='bbox 806 1422 843 1482; x_wconf 83' lang='grc'><strong>56</strong></span> <span class='ocrx_word' id='word_1_141' title='bbox 871 1421 919 1482; x_wconf 89' lang='lat' dir='ltr'>iol.</span> <span class='ocrx_word' id='word_1_142' title='bbox 1013 1415 1180 1477; x_wconf 90' lang='lat' dir='ltr'>Adamanni</span> <span class='ocrx_word' id='word_1_143' title='bbox 1196 1422 1227 1477; x_wconf 91' lang='lat' dir='ltr'>et</span> <span class='ocrx_word' id='word_1_144' title='bbox 1241 1413 1352 1475; x_wconf 89' lang='lat' dir='ltr'>Arculii</span> <span class='ocrx_word' id='word_1_145' title='bbox 1365 1415 1516 1493; x_wconf 88' lang='lat' dir='ltr'>Episcopi,</span> <span class='ocrx_word' id='word_1_146' title='bbox 1533 1431 1633 1494; x_wconf 80' lang='lat' dir='ltr'>supra</span> 
     </span>
     <span class='ocr_line' id='line_1_14' title="bbox 202 1502 1531 1594; baseline -0.003 -22"><span class='ocrx_word' id='word_1_147' title='bbox 202 1512 266 1572; x_wconf 87' lang='lat' dir='ltr'>Vol.</span> <span class='ocrx_word' id='word_1_148' title='bbox 284 1502 338 1572; x_wconf 70' lang='lat'>2¹⁰</span> <span class='ocrx_word' id='word_1_149' title='bbox 366 1510 466 1590; x_wconf 86' lang='lat' dir='ltr'>Opera</span> <span class='ocrx_word' id='word_1_150' title='bbox 487 1511 586 1572; x_wconf 85' lang='lat' dir='ltr'>amnia</span> <span class='ocrx_word' id='word_1_151' title='bbox 601 1511 643 1572; x_wconf 87' lang='lat' dir='ltr'>ad</span> <span class='ocrx_word' id='word_1_152' title='bbox 667 1514 923 1594; x_wconf 76' lang='lat' dir='ltr'>catopraplrarana</span> <span class='ocrx_word' id='word_1_153' title='bbox 1017 1508 1140 1583; x_wconf 83' lang='lat' dir='ltr'>AEthici,</span> <span class='ocrx_word' id='word_1_154' title='bbox 1157 1507 1194 1568; x_wconf 88' lang='lat' dir='ltr'>de</span> <span class='ocrx_word' id='word_1_155' title='bbox 1208 1526 1268 1586; x_wconf 90' lang='lat' dir='ltr'>quo</span> <span class='ocrx_word' id='word_1_156' title='bbox 1283 1510 1312 1567; x_wconf 89' lang='lat' dir='ltr'>in</span> <span class='ocrx_word' id='word_1_157' title='bbox 1326 1508 1399 1569; x_wconf 86' lang='lat' dir='ltr'>bibl.</span> <span class='ocrx_word' id='word_1_158' title='bbox 1419 1510 1531 1568; x_wconf 77' lang='lat' dir='ltr'>Latina.</span> 
     </span>
     <span class='ocr_line' id='line_1_15' title="bbox 200 1599 1670 1687; baseline -0.002 -23"><span class='ocrx_word' id='word_1_159' title='bbox 200 1603 289 1684; x_wconf 79' lang='lat' dir='ltr'>fidem</span> <span class='ocrx_word' id='word_1_160' title='bbox 304 1621 382 1674; x_wconf 81' lang='grc'><strong>0006</strong></span> <span class='ocrx_word' id='word_1_161' title='bbox 394 1603 529 1685; x_wconf 59' lang='lat' dir='ltr'>panium</span> <span class='ocrx_word' id='word_1_162' title='bbox 555 1610 666 1665; x_wconf 78' lang='lat' dir='ltr'>exacta</span> <span class='ocrx_word' id='word_1_163' title='bbox 686 1606 795 1669; x_wconf 76' lang='lat' dir='ltr'>excudi</span> <span class='ocrx_word' id='word_1_164' title='bbox 810 1611 921 1687; x_wconf 89' lang='lat' dir='ltr'>optime</span> <span class='ocrx_word' id='word_1_165' title='bbox 1015 1602 1162 1664; x_wconf 76' lang='lat' dir='ltr'>Ambrosii</span> <span class='ocrx_word' id='word_1_166' title='bbox 1179 1600 1429 1676; x_wconf 78' lang='lat' dir='ltr'>camaldulensis,</span> <span class='ocrx_word' id='word_1_167' title='bbox 1445 1599 1562 1679; x_wconf 85' lang='lat' dir='ltr'>dequo</span> <span class='ocrx_word' id='word_1_168' title='bbox 1575 1617 1670 1680; x_wconf 81' lang='lat' dir='ltr'>supra</span> 
     </span>
     <span class='ocr_line' id='line_1_16' title="bbox 202 1694 1685 1776; baseline -0.002 -19"><span class='ocrx_word' id='word_1_169' title='bbox 202 1701 349 1776; x_wconf 88' lang='lat' dir='ltr'>incoepta,</span> <span class='ocrx_word' id='word_1_170' title='bbox 365 1697 535 1775; x_wconf 84' lang='lat' dir='ltr'>destitere.)</span> <span class='ocrx_word' id='word_1_171' title='bbox 1016 1695 1150 1759; x_wconf 90' lang='lat' dir='ltr'>Anselmi</span> <span class='ocrx_word' id='word_1_172' title='bbox 1160 1695 1318 1755; x_wconf 85' lang='lat' dir='ltr'>Remensis</span> <span class='ocrx_word' id='word_1_173' title='bbox 1328 1695 1513 1754; x_wconf 89' lang='lat' dir='ltr'>itinerarium</span> <span class='ocrx_word' id='word_1_174' title='bbox 1524 1695 1633 1754; x_wconf 83' lang='lat' dir='ltr'>Leonis</span> <span class='ocrx_word' id='word_1_175' title='bbox 1641 1694 1685 1755; x_wconf 74' lang='lat' dir='ltr'>lx.</span> 
     </span>
    </p>

    <p class='ocr_par' dir='ltr' id='par_1_6' title="bbox 241 1789 1362 1866">
     <span class='ocr_line' id='line_1_17' title="bbox 241 1789 1362 1866; baseline -0.005 -14"><span class='ocrx_word' id='word_1_176' title='bbox 241 1790 469 1853; x_wconf 79' lang='lat' dir='ltr'>nonobnrus</span> <span class='ocrx_word' id='word_1_177' title='bbox 485 1790 698 1855; x_wconf 78' lang='lat' dir='ltr'>ANTONINUS</span> <span class='ocrx_word' id='word_1_178' title='bbox 719 1794 922 1854; x_wconf 84' lang='lat' dir='ltr'>Constantini·</span> <span class='ocrx_word' id='word_1_179' title='bbox 1015 1789 1156 1850; x_wconf 79' lang='lat' dir='ltr'>Antonini</span> <span class='ocrx_word' id='word_1_180' title='bbox 1171 1789 1245 1866; x_wconf 92' lang='lat' dir='ltr'>lmp.</span> <span class='ocrx_word' id='word_1_181' title='bbox 1349 1813 1362 1835; x_wconf 86' lang='lat'><strong>·</strong></span> 
     </span>
    </p>

    <p class='ocr_par' dir='ltr' id='par_1_7' title="bbox 1014 1882 1327 1958">
     <span class='ocr_line' id='line_1_18' title="bbox 1014 1882 1327 1958; baseline -0.013 -14"><span class='ocrx_word' id='word_1_182' title='bbox 1014 1882 1157 1944; x_wconf 88' lang='lat' dir='ltr'>Antonini</span> <span class='ocrx_word' id='word_1_183' title='bbox 1178 1882 1327 1958; x_wconf 77' lang='lat' dir='ltr'>Martyris,</span> 
     </span>
    </p>

    <p class='ocr_par' dir='ltr' id='par_1_8' title="bbox 973 1972 1685 2143">
     <span class='ocr_line' id='line_1_19' title="bbox 1014 1972 1685 2052; baseline -0.001 -16"><span class='ocrx_word' id='word_1_184' title='bbox 1014 1975 1157 2036; x_wconf 89' lang='lat' dir='ltr'>Leonardi</span> <span class='ocrx_word' id='word_1_185' title='bbox 1175 1972 1291 2034; x_wconf 89' lang='lat' dir='ltr'>Aretini</span> <span class='ocrx_word' id='word_1_186' title='bbox 1305 1974 1353 2048; x_wconf 85' lang='lat' dir='ltr'>lv,</span> <span class='ocrx_word' id='word_1_187' title='bbox 1372 1973 1391 2033; x_wconf 77' lang='lat'><strong>2</strong></span> <span class='ocrx_word' id='word_1_188' title='bbox 1407 1973 1502 2052; x_wconf 84' lang='lat' dir='ltr'>Epist.</span> <span class='ocrx_word' id='word_1_189' title='bbox 1520 1973 1624 2034; x_wconf 85' lang='lat' dir='ltr'>iterab</span> <span class='ocrx_word' id='word_1_190' title='bbox 1643 1991 1685 2035; x_wconf 91' lang='lat' dir='ltr'>ur·</span> 
     </span>
     <span class='ocr_line' id='line_1_20' title="bbox 973 2069 1365 2143; baseline -0.013 -13"><span class='ocrx_word' id='word_1_191' title='bbox 973 2070 1009 2129; x_wconf 89' lang='lat' dir='ltr'>be</span> <span class='ocrx_word' id='word_1_192' title='bbox 1024 2071 1132 2143; x_wconf 81' lang='lat' dir='ltr'>boma,</span> <span class='ocrx_word' id='word_1_193' title='bbox 1149 2069 1365 2129; x_wconf 86' lang='lat' dir='ltr'>Constantiam.</span> 
     </span>
    </p>

    <p class='ocr_par' dir='ltr' id='par_1_9' title="bbox 1012 2159 1380 2241">
     <span class='ocr_line' id='line_1_21' title="bbox 1012 2159 1380 2241; baseline -0.016 -17"><span class='ocrx_word' id='word_1_194' title='bbox 1012 2163 1099 2241; x_wconf 66' lang='lat' dir='ltr'>lienis</span> <span class='ocrx_word' id='word_1_195' title='bbox 1111 2160 1218 2237; x_wconf 84' lang='lat' dir='ltr'>Artas,</span> <span class='ocrx_word' id='word_1_196' title='bbox 1236 2160 1292 2221; x_wconf 93' lang='lat' dir='ltr'>An.</span> <span class='ocrx_word' id='word_1_197' title='bbox 1311 2159 1380 2222; x_wconf 84' lang='grc'><strong>547.</strong></span> 
     </span>
    </p>

    <p class='ocr_par' dir='ltr' id='par_1_10' title="bbox 972 2252 1705 2426">
     <span class='ocr_line' id='line_1_22' title="bbox 1012 2252 1705 2332; baseline 0.003 -17"><span class='ocrx_word' id='word_1_198' title='bbox 1012 2256 1119 2315; x_wconf 83' lang='lat' dir='ltr'>b&#39;icolai</span> <span class='ocrx_word' id='word_1_199' title='bbox 1135 2252 1264 2314; x_wconf 88' lang='lat' dir='ltr'>Ascclini</span> <span class='ocrx_word' id='word_1_200' title='bbox 1288 2252 1444 2330; x_wconf 74' lang='grc'><strong>404246</strong></span> <span class='ocrx_word' id='word_1_201' title='bbox 1464 2252 1545 2332; x_wconf 92' lang='lat' dir='ltr'>apud</span> <span class='ocrx_word' id='word_1_202' title='bbox 1566 2255 1705 2319; x_wconf 72' lang='lat' dir='ltr'>vineae.</span> 
     </span>
     <span class='ocr_line' id='line_1_23' title="bbox 972 2347 1541 2426; baseline -0.007 -17"><span class='ocrx_word' id='word_1_203' title='bbox 972 2351 1046 2409; x_wconf 89' lang='lat' dir='ltr'>tium</span> <span class='ocrx_word' id='word_1_204' title='bbox 1064 2348 1175 2408; x_wconf 88' lang='lat' dir='ltr'>bellov.</span> <span class='ocrx_word' id='word_1_205' title='bbox 1190 2347 1263 2407; x_wconf 92' lang='lat' dir='ltr'>libro</span> <span class='ocrx_word' id='word_1_206' title='bbox 1281 2347 1318 2407; x_wconf 73' lang='lat'>32</span> <span class='ocrx_word' id='word_1_207' title='bbox 1335 2347 1448 2426; x_wconf 81' lang='lat' dir='ltr'>speculi</span> <span class='ocrx_word' id='word_1_208' title='bbox 1465 2347 1541 2406; x_wconf 82' lang='lat' dir='ltr'>bist.</span> 
     </span>
    </p>

    <p class='ocr_par' dir='ltr' id='par_1_11' title="bbox 1011 2437 1683 2516">
     <span class='ocr_line' id='line_1_24' title="bbox 1011 2437 1683 2516; baseline -0.003 -14"><span class='ocrx_word' id='word_1_209' title='bbox 1011 2442 1117 2502; x_wconf 78' lang='lat' dir='ltr'>Avieni</span> <span class='ocrx_word' id='word_1_210' title='bbox 1132 2456 1184 2500; x_wconf 89' lang='lat' dir='ltr'>ora</span> <span class='ocrx_word' id='word_1_211' title='bbox 1198 2441 1359 2514; x_wconf 90' lang='lat' dir='ltr'>maritima,</span> <span class='ocrx_word' id='word_1_212' title='bbox 1376 2437 1490 2516; x_wconf 84' lang='lat' dir='ltr'>dequo</span> <span class='ocrx_word' id='word_1_213' title='bbox 1507 2441 1539 2499; x_wconf 87' lang='lat' dir='ltr'>in</span> <span class='ocrx_word' id='word_1_214' title='bbox 1554 2438 1683 2501; x_wconf 83' lang='lat' dir='ltr'>bibliotb</span> 
     </span>
    </p>
   </div>
   <div class='ocr_carea' id='block_1_5' title="bbox 194 1885 920 2522">
    <p class='ocr_par' dir='ltr' id='par_1_12' title="bbox 194 1885 920 2522">
     <span class='ocr_line' id='line_1_25' title="bbox 200 1885 920 1959; baseline 0.004 -12"><span class='ocrx_word' id='word_1_215' title='bbox 200 1886 297 1959; x_wconf 85' lang='lat' dir='ltr'>ensis,</span> <span class='ocrx_word' id='word_1_216' title='bbox 320 1887 386 1946; x_wconf 87' lang='lat' dir='ltr'>sive</span> <span class='ocrx_word' id='word_1_217' title='bbox 412 1885 560 1946; x_wconf 83' lang='lat' dir='ltr'>Cirtensis</span> <span class='ocrx_word' id='word_1_218' title='bbox 585 1886 778 1947; x_wconf 83' lang='lat' dir='ltr'>in.Numidia</span> <span class='ocrx_word' id='word_1_219' title='bbox 804 1886 920 1950; x_wconf 90' lang='lat' dir='ltr'>Airicae</span> 
     </span>
     <span class='ocr_line' id='line_1_26' title="bbox 199 1977 920 2063; baseline 0.004 -25"><span class='ocrx_word' id='word_1_220' title='bbox 199 1978 379 2057; x_wconf 85' lang='lat' dir='ltr'>Episcopus,</span> <span class='ocrx_word' id='word_1_221' title='bbox 397 1979 427 2037; x_wconf 93' lang='lat' dir='ltr'>in</span> <span class='ocrx_word' id='word_1_222' title='bbox 444 1977 603 2063; x_wconf 73' lang='lat' dir='ltr'>(lodicibus</span> <span class='ocrx_word' id='word_1_223' title='bbox 619 1980 685 2039; x_wconf 91' lang='lat' dir='ltr'>aliis</span> <span class='ocrx_word' id='word_1_224' title='bbox 701 1981 783 2041; x_wconf 85' lang='lat' dir='ltr'>MSS.</span> <span class='ocrx_word' id='word_1_225' title='bbox 801 1982 920 2059; x_wconf 78' lang='lat' dir='ltr'>Episto</span> 
     </span>
     <span class='ocr_line' id='line_1_27' title="bbox 194 2069 919 2147; baseline 0.007 -17"><span class='ocrx_word' id='word_1_226' title='bbox 194 2071 260 2144; x_wconf 88' lang='lat' dir='ltr'>lae,</span> <span class='ocrx_word' id='word_1_227' title='bbox 271 2069 435 2132; x_wconf 82' lang='lat' dir='ltr'>Antoninus</span> <span class='ocrx_word' id='word_1_228' title='bbox 446 2077 581 2147; x_wconf 84' lang='lat' dir='ltr'>tantum,</span> <span class='ocrx_word' id='word_1_229' title='bbox 601 2073 631 2132; x_wconf 84' lang='lat' dir='ltr'>ir.</span> <span class='ocrx_word' id='word_1_230' title='bbox 647 2073 826 2146; x_wconf 83' lang='lat' dir='ltr'>editionibus</span> <span class='ocrx_word' id='word_1_231' title='bbox 837 2075 919 2135; x_wconf 89' lang='lat' dir='ltr'>Gen·</span> 
     </span>
     <span class='ocr_line' id='line_1_28' title="bbox 199 2163 918 2246; baseline 0.003 -21"><span class='ocrx_word' id='word_1_232' title='bbox 199 2163 277 2225; x_wconf 88' lang='lat' dir='ltr'>uadii</span> <span class='ocrx_word' id='word_1_233' title='bbox 294 2181 357 2243; x_wconf 90' lang='lat' dir='ltr'>cap.</span> <span class='ocrx_word' id='word_1_234' title='bbox 380 2165 420 2225; x_wconf 81' lang='lat'>95</span> <span class='ocrx_word' id='word_1_235' title='bbox 437 2171 468 2226; x_wconf 90' lang='lat' dir='ltr'>ot</span> <span class='ocrx_word' id='word_1_236' title='bbox 484 2166 602 2226; x_wconf 86' lang='lat' dir='ltr'>Honorii</span> <span class='ocrx_word' id='word_1_237' title='bbox 629 2167 655 2226; x_wconf 93' lang='lat' dir='ltr'>ll</span> <span class='ocrx_word' id='word_1_238' title='bbox 684 2167 722 2226; x_wconf 86' lang='grc'>94</span> <span class='ocrx_word' id='word_1_239' title='bbox 744 2168 918 2246; x_wconf 84' lang='lat' dir='ltr'>simpliciter</span> 
     </span>
     <span class='ocr_line' id='line_1_29' title="bbox 198 2258 918 2336; baseline 0.003 -18"><span class='ocrx_word' id='word_1_240' title='bbox 198 2259 389 2333; x_wconf 76' lang='lat' dir='ltr'>Honoratus„</span> <span class='ocrx_word' id='word_1_241' title='bbox 399 2258 452 2320; x_wconf 81' lang='lat' dir='ltr'>ned</span> <span class='ocrx_word' id='word_1_242' title='bbox 468 2259 498 2318; x_wconf 92' lang='lat' dir='ltr'>in</span> <span class='ocrx_word' id='word_1_243' title='bbox 513 2258 572 2319; x_wconf 83' lang='lat' dir='ltr'>MS.</span> <span class='ocrx_word' id='word_1_244' title='bbox 590 2259 847 2336; x_wconf 82' lang='lat' dir='ltr'>sangermaniensi</span> <span class='ocrx_word' id='word_1_245' title='bbox 865 2277 918 2320; x_wconf 91' lang='lat' dir='ltr'>an-</span> 
     </span>
     <span class='ocr_line' id='line_1_30' title="bbox 197 2349 916 2429; baseline 0.003 -19"><span class='ocrx_word' id='word_1_246' title='bbox 197 2353 367 2429; x_wconf 89' lang='lat' dir='ltr'>tiquissimo</span> <span class='ocrx_word' id='word_1_247' title='bbox 385 2349 530 2413; x_wconf 87' lang='lat' dir='ltr'>Gennadii</span> <span class='ocrx_word' id='word_1_248' title='bbox 547 2351 719 2411; x_wconf 79' lang='lat' dir='ltr'>Honoratus</span> <span class='ocrx_word' id='word_1_249' title='bbox 733 2350 916 2427; x_wconf 85' lang='lat' dir='ltr'>Antoninus,</span> 
     </span>
     <span class='ocr_line' id='line_1_31' title="bbox 198 2440 917 2522; baseline 0 -17"><span class='ocrx_word' id='word_1_250' title='bbox 198 2446 317 2522; x_wconf 85' lang='lat' dir='ltr'>scripsit</span> <span class='ocrx_word' id='word_1_251' title='bbox 328 2440 538 2504; x_wconf 76' lang='lat' dir='ltr'>addrcadiam</span> <span class='ocrx_word' id='word_1_252' title='bbox 545 2443 813 2505; x_wconf 79' lang='lat' dir='ltr'>ConfessoremAn.</span> <span class='ocrx_word' id='word_1_253' title='bbox 826 2447 917 2507; x_wconf 88' lang='lat' dir='ltr'>Cllri·</span> 
     </span>
    </p>
   </div>
   <div class='ocr_carea' id='block_1_6' title="bbox 192 2535 917 3728">
    <p class='ocr_par' dir='ltr' id='par_1_13' title="bbox 193 2535 917 3545">
     <span class='ocr_line' id='line_1_32' title="bbox 198 2535 917 2600; baseline 0.003 -5"><span class='ocrx_word' id='word_1_254' title='bbox 198 2537 238 2596; x_wconf 87' lang='lat' dir='ltr'>sti</span> <span class='ocrx_word' id='word_1_255' title='bbox 251 2535 308 2596; x_wconf 88' lang='grc'>437</span> <span class='ocrx_word' id='word_1_256' title='bbox 318 2537 349 2595; x_wconf 87' lang='grc'>40</span> <span class='ocrx_word' id='word_1_257' title='bbox 359 2536 482 2596; x_wconf 80' lang='lat' dir='ltr'>exilium</span> <span class='ocrx_word' id='word_1_258' title='bbox 504 2535 828 2599; x_wconf 86' lang='lat' dir='ltr'>missumaGeusericn</span> <span class='ocrx_word' id='word_1_259' title='bbox 839 2540 917 2600; x_wconf 84' lang='lat' dir='ltr'>Van·</span> 
     </span>
     <span class='ocr_line' id='line_1_33' title="bbox 197 2626 916 2708; baseline 0.007 -21"><span class='ocrx_word' id='word_1_260' title='bbox 197 2628 331 2690; x_wconf 83' lang='lat' dir='ltr'>dolorum</span> <span class='ocrx_word' id='word_1_261' title='bbox 357 2629 436 2706; x_wconf 82' lang='lat' dir='ltr'>Rege</span> <span class='ocrx_word' id='word_1_262' title='bbox 452 2626 575 2704; x_wconf 88' lang='lat' dir='ltr'>Ariana,</span> <span class='ocrx_word' id='word_1_263' title='bbox 591 2627 756 2708; x_wconf 67' lang='lat' dir='ltr'>epistolam</span> <span class='ocrx_word' id='word_1_264' title='bbox 782 2630 916 2692; x_wconf 77' lang='lat' dir='ltr'>cohorta-</span> 
     </span>
     <span class='ocr_line' id='line_1_34' title="bbox 198 2719 912 2804; baseline 0.008 -24"><span class='ocrx_word' id='word_1_265' title='bbox 198 2720 306 2782; x_wconf 85' lang='lat' dir='ltr'>toriam</span> <span class='ocrx_word' id='word_1_266' title='bbox 321 2720 363 2781; x_wconf 89' lang='lat' dir='ltr'>ad</span> <span class='ocrx_word' id='word_1_267' title='bbox 382 2719 499 2782; x_wconf 74' lang='lat' dir='ltr'>labores</span> <span class='ocrx_word' id='word_1_268' title='bbox 521 2738 589 2800; x_wconf 82' lang='lat' dir='ltr'>pro.</span> <span class='ocrx_word' id='word_1_269' title='bbox 601 2721 734 2785; x_wconf 69' lang='grc'><strong>,04444646</strong></span> <span class='ocrx_word' id='word_1_270' title='bbox 754 2721 912 2804; x_wconf 79' lang='lat' dir='ltr'>serendos,</span> 
     </span>
     <span class='ocr_line' id='line_1_35' title="bbox 196 2813 912 2892; baseline 0.006 -17"><span class='ocrx_word' id='word_1_271' title='bbox 196 2832 286 2892; x_wconf 90' lang='lat' dir='ltr'>quam</span> <span class='ocrx_word' id='word_1_272' title='bbox 304 2813 415 2876; x_wconf 88' lang='lat' dir='ltr'>editam</span> <span class='ocrx_word' id='word_1_273' title='bbox 430 2832 449 2876; x_wconf 92' lang='lat' dir='ltr'>a</span> <span class='ocrx_word' id='word_1_274' title='bbox 464 2817 588 2876; x_wconf 88' lang='lat' dir='ltr'>baronio</span> <span class='ocrx_word' id='word_1_275' title='bbox 603 2815 641 2876; x_wconf 93' lang='lat' dir='ltr'>ad</span> <span class='ocrx_word' id='word_1_276' title='bbox 657 2815 778 2879; x_wconf 88' lang='lat' dir='ltr'>Annum</span> <span class='ocrx_word' id='word_1_277' title='bbox 794 2818 850 2878; x_wconf 87' lang='grc'>437</span> <span class='ocrx_word' id='word_1_278' title='bbox 861 2819 912 2879; x_wconf 93' lang='lat' dir='ltr'>ob-</span> 
     </span>
     <span class='ocr_line' id='line_1_36' title="bbox 195 2907 911 2986; baseline 0.011 -21"><span class='ocrx_word' id='word_1_279' title='bbox 195 2910 336 2986; x_wconf 87' lang='lat' dir='ltr'>viamque</span> <span class='ocrx_word' id='word_1_280' title='bbox 363 2909 394 2968; x_wconf 93' lang='lat' dir='ltr'>in</span> <span class='ocrx_word' id='word_1_281' title='bbox 420 2907 552 2969; x_wconf 91' lang='lat' dir='ltr'>antidoto</span> <span class='ocrx_word' id='word_1_282' title='bbox 566 2908 746 2970; x_wconf 76' lang='lat' dir='ltr'>,haeresium</span> <span class='ocrx_word' id='word_1_283' title='bbox 780 2911 911 2973; x_wconf 84' lang='lat' dir='ltr'>basileae</span> 
     </span>
     <span class='ocr_line' id='line_1_37' title="bbox 197 3001 911 3066; baseline 0.008 -5"><span class='ocrx_word' id='word_1_284' title='bbox 197 3001 274 3062; x_wconf 75' lang='grc'><strong>4548</strong></span> <span class='ocrx_word' id='word_1_285' title='bbox 285 3007 316 3059; x_wconf 88' lang='grc'>64</span> <span class='ocrx_word' id='word_1_286' title='bbox 327 3002 356 3059; x_wconf 83' lang='grc'>40</span> <span class='ocrx_word' id='word_1_287' title='bbox 367 3001 554 3063; x_wconf 81' lang='lat' dir='ltr'>bibliothecis</span> <span class='ocrx_word' id='word_1_288' title='bbox 564 3003 684 3063; x_wconf 85' lang='lat' dir='ltr'>Patrum</span> <span class='ocrx_word' id='word_1_289' title='bbox 696 3005 911 3066; x_wconf 85' lang='lat' dir='ltr'>Parisiensibus</span> 
     </span>
     <span class='ocr_line' id='line_1_38' title="bbox 194 3091 912 3174; baseline 0.007 -21"><span class='ocrx_word' id='word_1_290' title='bbox 194 3092 231 3153; x_wconf 91' lang='lat' dir='ltr'>ab</span> <span class='ocrx_word' id='word_1_291' title='bbox 248 3091 333 3154; x_wconf 94' lang='lat' dir='ltr'>Anno</span> <span class='ocrx_word' id='word_1_292' title='bbox 346 3092 431 3155; x_wconf 83' lang='grc'><strong>45744.</strong></span> <span class='ocrx_word' id='word_1_293' title='bbox 443 3094 610 3156; x_wconf 87' lang='lat' dir='ltr'>Coloniensi</span> <span class='ocrx_word' id='word_1_294' title='bbox 623 3094 855 3174; x_wconf 84' lang='lat' dir='ltr'>etLugdunensi</span> <span class='ocrx_word' id='word_1_295' title='bbox 866 3116 912 3159; x_wconf 86' lang='lat' dir='ltr'>re-</span> 
     </span>
     <span class='ocr_line' id='line_1_39' title="bbox 194 3186 912 3268; baseline 0.008 -23"><span class='ocrx_word' id='word_1_296' title='bbox 194 3189 312 3246; x_wconf 82' lang='lat' dir='ltr'>censuit</span> <span class='ocrx_word' id='word_1_297' title='bbox 326 3187 416 3247; x_wconf 92' lang='lat' dir='ltr'>etiam</span> <span class='ocrx_word' id='word_1_298' title='bbox 430 3186 629 3248; x_wconf 87' lang='lat' dir='ltr'>Theodericus</span> <span class='ocrx_word' id='word_1_299' title='bbox 639 3188 810 3265; x_wconf 73' lang='grc'><strong>00406006,</strong></span> <span class='ocrx_word' id='word_1_300' title='bbox 821 3196 912 3268; x_wconf 84' lang='lat' dir='ltr'>atque</span> 
     </span>
     <span class='ocr_line' id='line_1_40' title="bbox 194 3279 913 3359; baseline 0.007 -21"><span class='ocrx_word' id='word_1_301' title='bbox 194 3279 354 3340; x_wconf 86' lang='lat' dir='ltr'>illustravit</span> <span class='ocrx_word' id='word_1_302' title='bbox 369 3282 397 3340; x_wconf 89' lang='lat' dir='ltr'>in</span> <span class='ocrx_word' id='word_1_303' title='bbox 406 3280 536 3341; x_wconf 85' lang='lat' dir='ltr'>bistaria</span> <span class='ocrx_word' id='word_1_304' title='bbox 549 3282 765 3359; x_wconf 80' lang='lat' dir='ltr'>persecutionis</span> <span class='ocrx_word' id='word_1_305' title='bbox 775 3282 913 3343; x_wconf 83' lang='lat' dir='ltr'>Vandali-</span> 
     </span>
     <span class='ocr_line' id='line_1_41' title="bbox 196 3372 916 3452; baseline 0.004 -20"><span class='ocrx_word' id='word_1_306' title='bbox 196 3389 249 3432; x_wconf 91' lang='lat' dir='ltr'>cac</span> <span class='ocrx_word' id='word_1_307' title='bbox 265 3374 362 3451; x_wconf 88' lang='lat' dir='ltr'>capite</span> <span class='ocrx_word' id='word_1_308' title='bbox 372 3374 493 3452; x_wconf 77' lang='lat' dir='ltr'>lV=pag.</span> <span class='ocrx_word' id='word_1_309' title='bbox 512 3374 568 3437; x_wconf 87' lang='grc'>433</span> <span class='ocrx_word' id='word_1_310' title='bbox 585 3390 648 3450; x_wconf 84' lang='lat' dir='ltr'>seq.</span> <span class='ocrx_word' id='word_1_311' title='bbox 665 3372 741 3433; x_wconf 91' lang='lat' dir='ltr'>adde</span> <span class='ocrx_word' id='word_1_312' title='bbox 757 3375 916 3435; x_wconf 82' lang='lat' dir='ltr'>Tillemon-</span> 
     </span>
     <span class='ocr_line' id='line_1_42' title="bbox 193 3465 912 3545; baseline 0.007 -23"><span class='ocrx_word' id='word_1_313' title='bbox 193 3465 269 3525; x_wconf 89' lang='lat' dir='ltr'>tium</span> <span class='ocrx_word' id='word_1_314' title='bbox 278 3471 300 3524; x_wconf 90' lang='lat' dir='ltr'>t.</span> <span class='ocrx_word' id='word_1_315' title='bbox 311 3467 379 3527; x_wconf 77' lang='lat' dir='ltr'>XVI</span> <span class='ocrx_word' id='word_1_316' title='bbox 389 3467 508 3526; x_wconf 81' lang='lat' dir='ltr'>Memor.</span> <span class='ocrx_word' id='word_1_317' title='bbox 521 3467 595 3526; x_wconf 85' lang='lat' dir='ltr'>Hiat.</span> <span class='ocrx_word' id='word_1_318' title='bbox 608 3467 722 3527; x_wconf 84' lang='lat' dir='ltr'>Eccles.</span> <span class='ocrx_word' id='word_1_319' title='bbox 737 3483 766 3544; x_wconf 93' lang='lat' dir='ltr'>p.</span> <span class='ocrx_word' id='word_1_320' title='bbox 780 3468 838 3527; x_wconf 81' lang='lat'>5⁰⁰</span> <span class='ocrx_word' id='word_1_321' title='bbox 848 3484 912 3545; x_wconf 86' lang='lat' dir='ltr'>seq.</span> 
     </span>
    </p>

    <p class='ocr_par' dir='ltr' id='par_1_14' title="bbox 192 3554 915 3728">
     <span class='ocr_line' id='line_1_43' title="bbox 234 3554 915 3636; baseline 0.007 -19"><span class='ocrx_word' id='word_1_322' title='bbox 234 3554 655 3633; x_wconf 74' lang='lat' dir='ltr'>AN&#39;FONlNUSPlacentirraa,</span> <span class='ocrx_word' id='word_1_323' title='bbox 669 3560 783 3636; x_wconf 79' lang='lat' dir='ltr'>Martyr</span> <span class='ocrx_word' id='word_1_324' title='bbox 794 3562 915 3622; x_wconf 89' lang='lat' dir='ltr'>saeculo</span> 
     </span>
     <span class='ocr_line' id='line_1_44' title="bbox 192 3647 913 3728; baseline 0.004 -18"><span class='ocrx_word' id='word_1_325' title='bbox 192 3649 253 3722; x_wconf 82' lang='lat' dir='ltr'>Vl,</span> <span class='ocrx_word' id='word_1_326' title='bbox 273 3649 331 3710; x_wconf 89' lang='lat' dir='ltr'>sub</span> <span class='ocrx_word' id='word_1_327' title='bbox 346 3647 434 3728; x_wconf 84' lang='lat' dir='ltr'>cujus</span> <span class='ocrx_word' id='word_1_328' title='bbox 451 3652 702 3711; x_wconf 84' lang='lat' dir='ltr'>nomineincerta</span> <span class='ocrx_word' id='word_1_329' title='bbox 724 3651 784 3713; x_wconf 86' lang='lat' dir='ltr'>fide</span> <span class='ocrx_word' id='word_1_330' title='bbox 804 3653 913 3727; x_wconf 75' lang='lat' dir='ltr'>fertur,</span> 
     </span>
    </p>
   </div>
   <div class='ocr_carea' id='block_1_7' title="bbox 195 3739 929 3826">
    <p class='ocr_par' dir='ltr' id='par_1_15' title="bbox 195 3739 929 3826">
     <span class='ocr_line' id='line_1_45' title="bbox 195 3739 929 3826; baseline 0.01 -25"><span class='ocrx_word' id='word_1_331' title='bbox 195 3741 391 3804; x_wconf 81' lang='lat' dir='ltr'>itinerarium</span> <span class='ocrx_word' id='word_1_332' title='bbox 408 3739 531 3811; x_wconf 74' lang='lat' dir='ltr'>delacio</span> <span class='ocrx_word' id='word_1_333' title='bbox 553 3748 653 3805; x_wconf 74' lang='lat' dir='ltr'>term</span> <span class='ocrx_word' id='word_1_334' title='bbox 673 3749 813 3820; x_wconf 82' lang='lat' dir='ltr'>sanctae,</span> <span class='ocrx_word' id='word_1_335' title='bbox 834 3764 929 3826; x_wconf 81' lang='lat' dir='ltr'>qaae.</span> 
     </span>
    </p>
   </div>
   <div class='ocr_carea' id='block_1_8' title="bbox 938 2537 1702 3809">
    <p class='ocr_par' dir='ltr' id='par_1_16' title="bbox 971 2537 1083 2596">
     <span class='ocr_line' id='line_1_46' title="bbox 971 2537 1083 2596; baseline -0.009 -1"><span class='ocrx_word' id='word_1_336' title='bbox 971 2537 1083 2596; x_wconf 86' lang='lat' dir='ltr'>Latina.</span> 
     </span>
    </p>

    <p class='ocr_par' dir='ltr' id='par_1_17' title="bbox 968 2626 1683 2782">
     <span class='ocr_line' id='line_1_47' title="bbox 1008 2626 1683 2708; baseline -0.003 -18"><span class='ocrx_word' id='word_1_337' title='bbox 1008 2631 1141 2708; x_wconf 82' lang='lat' dir='ltr'>llogerus</span> <span class='ocrx_word' id='word_1_338' title='bbox 1155 2630 1232 2688; x_wconf 87' lang='lat' dir='ltr'>Baoo</span> <span class='ocrx_word' id='word_1_339' title='bbox 1249 2626 1286 2687; x_wconf 92' lang='lat' dir='ltr'>de</span> <span class='ocrx_word' id='word_1_340' title='bbox 1303 2626 1437 2705; x_wconf 91' lang='lat' dir='ltr'>partibus</span> <span class='ocrx_word' id='word_1_341' title='bbox 1458 2626 1548 2688; x_wconf 91' lang='lat' dir='ltr'>Orbis</span> <span class='ocrx_word' id='word_1_342' title='bbox 1570 2633 1683 2707; x_wconf 78' lang='lat' dir='ltr'>septen</span> 
     </span>
     <span class='ocr_line' id='line_1_48' title="bbox 968 2722 1151 2782; baseline 0.005 -1"><span class='ocrx_word' id='word_1_343' title='bbox 968 2722 1151 2782; x_wconf 76' lang='lat' dir='ltr'>trionalibus·</span> 
     </span>
    </p>

    <p class='ocr_par' dir='ltr' id='par_1_18' title="bbox 964 2812 1702 2969">
     <span class='ocr_line' id='line_1_49' title="bbox 1002 2812 1702 2881; baseline -0.003 -5"><span class='ocrx_word' id='word_1_344' title='bbox 1002 2815 1140 2877; x_wconf 86' lang='lat' dir='ltr'>Guilelmi</span> <span class='ocrx_word' id='word_1_345' title='bbox 1153 2814 1191 2875; x_wconf 89' lang='lat' dir='ltr'>de</span> <span class='ocrx_word' id='word_1_346' title='bbox 1205 2812 1360 2874; x_wconf 89' lang='lat' dir='ltr'>baldensel</span> <span class='ocrx_word' id='word_1_347' title='bbox 1374 2812 1409 2874; x_wconf 90' lang='lat' dir='ltr'>A.</span> <span class='ocrx_word' id='word_1_348' title='bbox 1426 2813 1506 2874; x_wconf 86' lang='grc'><strong>4336</strong></span> <span class='ocrx_word' id='word_1_349' title='bbox 1528 2815 1559 2874; x_wconf 84' lang='grc'>40</span> <span class='ocrx_word' id='word_1_350' title='bbox 1578 2821 1682 2875; x_wconf 84' lang='lat' dir='ltr'>terrun</span> <span class='ocrx_word' id='word_1_351' title='bbox 1700 2876 1702 2881; x_wconf 78' lang='grc'>,</span> 
     </span>
     <span class='ocr_line' id='line_1_50' title="bbox 964 2915 1108 2969; baseline -0.007 -1"><span class='ocrx_word' id='word_1_352' title='bbox 964 2915 1108 2969; x_wconf 87' lang='lat' dir='ltr'>sanctam.</span> 
     </span>
    </p>

    <p class='ocr_par' dir='ltr' id='par_1_19' title="bbox 1002 2999 1681 3081">
     <span class='ocr_line' id='line_1_51' title="bbox 1002 2999 1681 3081; baseline -0.001 -21"><span class='ocrx_word' id='word_1_353' title='bbox 1002 3002 1145 3081; x_wconf 79' lang='lat' dir='ltr'>iosaphat</span> <span class='ocrx_word' id='word_1_354' title='bbox 1158 3002 1292 3074; x_wconf 90' lang='lat' dir='ltr'>barbari,</span> <span class='ocrx_word' id='word_1_355' title='bbox 1310 3002 1414 3062; x_wconf 86' lang='lat' dir='ltr'>Veneti</span> <span class='ocrx_word' id='word_1_356' title='bbox 1428 2999 1484 3061; x_wconf 86' lang='lat' dir='ltr'>An.</span> <span class='ocrx_word' id='word_1_357' title='bbox 1501 3001 1591 3078; x_wconf 79' lang='grc'><strong>4436,</strong></span> <span class='ocrx_word' id='word_1_358' title='bbox 1605 3000 1681 3061; x_wconf 88' lang='grc'><strong>4464.</strong></span> 
     </span>
    </p>

    <p class='ocr_par' dir='ltr' id='par_1_20' title="bbox 938 3092 1681 3175">
     <span class='ocr_line' id='line_1_52' title="bbox 938 3092 1681 3175; baseline -0.007 -16"><span class='ocrx_word' id='word_1_359' title='bbox 938 3148 945 3159; x_wconf 89' lang='grc'><strong>.</strong></span> <span class='ocrx_word' id='word_1_360' title='bbox 1003 3095 1206 3175; x_wconf 78' lang='lat' dir='ltr'>christophori</span> <span class='ocrx_word' id='word_1_361' title='bbox 1216 3092 1681 3171; x_wconf 73' lang='lat' dir='ltr'>debondelmontibus,An.ll22</span> 
     </span>
    </p>

    <p class='ocr_par' dir='ltr' id='par_1_21' title="bbox 1004 3186 1610 3266">
     <span class='ocr_line' id='line_1_53' title="bbox 1004 3186 1610 3266; baseline -0.007 -16"><span class='ocrx_word' id='word_1_362' title='bbox 1004 3187 1167 3250; x_wconf 86' lang='lat' dir='ltr'>Bumhardi</span> <span class='ocrx_word' id='word_1_363' title='bbox 1182 3186 1341 3266; x_wconf 87' lang='lat' dir='ltr'>descriptio</span> <span class='ocrx_word' id='word_1_364' title='bbox 1358 3193 1457 3247; x_wconf 86' lang='lat' dir='ltr'>terrae</span> <span class='ocrx_word' id='word_1_365' title='bbox 1473 3193 1610 3248; x_wconf 80' lang='grc'><strong>6606406.</strong></span> 
     </span>
    </p>

    <p class='ocr_par' dir='ltr' id='par_1_22' title="bbox 966 3279 1682 3732">
     <span class='ocr_line' id='line_1_54' title="bbox 1006 3279 1681 3360; baseline -0.006 -17"><span class='ocrx_word' id='word_1_366' title='bbox 1006 3281 1225 3360; x_wconf 82' lang='lat' dir='ltr'>burdegalense</span> <span class='ocrx_word' id='word_1_367' title='bbox 1242 3281 1445 3354; x_wconf 88' lang='lat' dir='ltr'>ltinemrium,</span> <span class='ocrx_word' id='word_1_368' title='bbox 1459 3279 1498 3340; x_wconf 91' lang='lat' dir='ltr'>de</span> <span class='ocrx_word' id='word_1_369' title='bbox 1515 3297 1577 3359; x_wconf 89' lang='lat' dir='ltr'>qna</span> <span class='ocrx_word' id='word_1_370' title='bbox 1594 3282 1624 3340; x_wconf 93' lang='lat' dir='ltr'>in</span> <span class='ocrx_word' id='word_1_371' title='bbox 1640 3279 1681 3340; x_wconf 80' lang='lat' dir='ltr'>bi</span> 
     </span>
     <span class='ocr_line' id='line_1_55' title="bbox 966 3372 1681 3437; baseline -0.004 0"><span class='ocrx_word' id='word_1_372' title='bbox 966 3375 1112 3437; x_wconf 89' lang='lat' dir='ltr'>bliothoca</span> <span class='ocrx_word' id='word_1_373' title='bbox 1133 3376 1249 3435; x_wconf 83' lang='lat' dir='ltr'>Latina:</span> <span class='ocrx_word' id='word_1_374' title='bbox 1266 3381 1298 3435; x_wconf 91' lang='lat' dir='ltr'>et</span> <span class='ocrx_word' id='word_1_375' title='bbox 1314 3372 1391 3435; x_wconf 86' lang='lat' dir='ltr'>Acta</span> <span class='ocrx_word' id='word_1_376' title='bbox 1414 3375 1600 3434; x_wconf 86' lang='lat' dir='ltr'>visitationis</span> <span class='ocrx_word' id='word_1_377' title='bbox 1619 3374 1681 3434; x_wconf 79' lang='lat' dir='ltr'>no</span> 
     </span>
     <span class='ocr_line' id='line_1_56' title="bbox 967 3463 1681 3544; baseline -0.001 -18"><span class='ocrx_word' id='word_1_378' title='bbox 967 3469 1134 3528; x_wconf 89' lang='lat' dir='ltr'>vinciarum</span> <span class='ocrx_word' id='word_1_379' title='bbox 1150 3465 1380 3544; x_wconf 81' lang='lat' dir='ltr'>burdegalensis</span> <span class='ocrx_word' id='word_1_380' title='bbox 1394 3472 1427 3526; x_wconf 89' lang='lat' dir='ltr'>et</span> <span class='ocrx_word' id='word_1_381' title='bbox 1441 3467 1640 3528; x_wconf 80' lang='lat' dir='ltr'>bituricensis</span> <span class='ocrx_word' id='word_1_382' title='bbox 1649 3463 1681 3525; x_wconf 89' lang='lat' dir='ltr'>ab</span> 
     </span>
     <span class='ocr_line' id='line_1_57' title="bbox 966 3556 1682 3640; baseline -0.004 -17"><span class='ocrx_word' id='word_1_383' title='bbox 966 3561 1195 3640; x_wconf 88' lang='lat' dir='ltr'>Arahiepiscopo</span> <span class='ocrx_word' id='word_1_384' title='bbox 1212 3562 1333 3624; x_wconf 89' lang='lat' dir='ltr'>Simone</span> <span class='ocrx_word' id='word_1_385' title='bbox 1353 3558 1391 3621; x_wconf 87' lang='lat' dir='ltr'>de</span> <span class='ocrx_word' id='word_1_386' title='bbox 1416 3559 1501 3621; x_wconf 90' lang='lat' dir='ltr'>bello</span> <span class='ocrx_word' id='word_1_387' title='bbox 1525 3559 1590 3621; x_wconf 86' lang='lat' dir='ltr'>loeo</span> <span class='ocrx_word' id='word_1_388' title='bbox 1610 3556 1682 3638; x_wconf 89' lang='lat' dir='ltr'>apud</span> 
     </span>
     <span class='ocr_line' id='line_1_58' title="bbox 968 3654 1549 3732; baseline -0.002 -16"><span class='ocrx_word' id='word_1_389' title='bbox 968 3655 1123 3716; x_wconf 86' lang='lat' dir='ltr'>baluzium</span> <span class='ocrx_word' id='word_1_390' title='bbox 1140 3661 1222 3714; x_wconf 93' lang='lat' dir='ltr'>tomo</span> <span class='ocrx_word' id='word_1_391' title='bbox 1241 3655 1278 3715; x_wconf 89' lang='lat' dir='ltr'>lV</span> <span class='ocrx_word' id='word_1_392' title='bbox 1294 3655 1376 3715; x_wconf 78' lang='lat' dir='ltr'>bisc.</span> <span class='ocrx_word' id='word_1_393' title='bbox 1394 3669 1460 3732; x_wconf 81' lang='lat' dir='ltr'>pag.</span> <span class='ocrx_word' id='word_1_394' title='bbox 1477 3654 1549 3715; x_wconf 75' lang='lat'>205.</span> 
     </span>
    </p>

    <p class='ocr_par' dir='ltr' id='par_1_23' title="bbox 1006 3744 1492 3809">
     <span class='ocr_line' id='line_1_59' title="bbox 1006 3744 1492 3809; baseline -0.004 -1"><span class='ocrx_word' id='word_1_395' title='bbox 1006 3746 1155 3809; x_wconf 84' lang='lat' dir='ltr'>Ambrosii</span> <span class='ocrx_word' id='word_1_396' title='bbox 1172 3748 1333 3808; x_wconf 87' lang='lat' dir='ltr'>Centareni</span> <span class='ocrx_word' id='word_1_397' title='bbox 1349 3744 1384 3807; x_wconf 82' lang='lat' dir='ltr'>A.</span> <span class='ocrx_word' id='word_1_398' title='bbox 1403 3745 1492 3808; x_wconf 87' lang='grc'><strong>4473.</strong></span> 
     </span>
    </p>
   </div>
   <div class='ocr_carea' id='block_1_9' title="bbox 191 3828 1681 3920">
    <p class='ocr_par' dir='ltr' id='par_1_24' title="bbox 191 3828 1681 3920">
     <span class='ocr_line' id='line_1_60' title="bbox 191 3828 1681 3920; baseline 0.001 -24"><span class='ocrx_word' id='word_1_399' title='bbox 191 3832 428 3916; x_wconf 79' lang='lat' dir='ltr'>perambulavit,</span> <span class='ocrx_word' id='word_1_400' title='bbox 456 3828 660 3915; x_wconf 87' lang='lat' dir='ltr'>praemissum</span> <span class='ocrx_word' id='word_1_401' title='bbox 680 3855 698 3899; x_wconf 95' lang='lat' dir='ltr'>a</span> <span class='ocrx_word' id='word_1_402' title='bbox 717 3839 915 3918; x_wconf 88' lang='lat' dir='ltr'>Papebrocbio</span> <span class='ocrx_word' id='word_1_403' title='bbox 1004 3843 1128 3904; x_wconf 82' lang='lat' dir='ltr'>Cannar</span> <span class='ocrx_word' id='word_1_404' title='bbox 1146 3839 1347 3920; x_wconf 82' lang='lat' dir='ltr'>lndapieestes</span> <span class='ocrx_word' id='word_1_405' title='bbox 1360 3839 1395 3901; x_wconf 92' lang='lat' dir='ltr'>A.</span> <span class='ocrx_word' id='word_1_406' title='bbox 1413 3840 1446 3901; x_wconf 88' lang='lat' dir='ltr'>C.</span> <span class='ocrx_word' id='word_1_407' title='bbox 1463 3839 1523 3901; x_wconf 81' lang='grc'>547</span> <span class='ocrx_word' id='word_1_408' title='bbox 1535 3838 1681 3919; x_wconf 84' lang='lat' dir='ltr'>dequoin</span> 
     </span>
    </p>
   </div>
   <div class='ocr_carea' id='block_1_10' title="bbox 192 3929 1679 5040">
    <p class='ocr_par' dir='ltr' id='par_1_25' title="bbox 196 3929 1304 4012">
     <span class='ocr_line' id='line_1_61' title="bbox 196 3929 1304 4012; baseline 0.004 -22"><span class='ocrx_word' id='word_1_409' title='bbox 196 3929 280 3990; x_wconf 90' lang='lat' dir='ltr'>Actis</span> <span class='ocrx_word' id='word_1_410' title='bbox 296 3930 474 3992; x_wconf 89' lang='lat' dir='ltr'>Sanctorum</span> <span class='ocrx_word' id='word_1_411' title='bbox 492 3937 571 3992; x_wconf 91' lang='lat' dir='ltr'>tomo</span> <span class='ocrx_word' id='word_1_412' title='bbox 583 3933 609 3993; x_wconf 92' lang='lat' dir='ltr'>ll</span> <span class='ocrx_word' id='word_1_413' title='bbox 625 3931 701 4011; x_wconf 85' lang='lat' dir='ltr'>Maji.</span> <span class='ocrx_word' id='word_1_414' title='bbox 716 3932 912 4012; x_wconf 87' lang='lat' dir='ltr'>Antwerpiae</span> <span class='ocrx_word' id='word_1_415' title='bbox 942 3952 946 3957; x_wconf 93' lang='lat'>·</span> <span class='ocrx_word' id='word_1_416' title='bbox 969 3937 1050 3997; x_wconf 93' lang='lat' dir='ltr'>bibl..</span> <span class='ocrx_word' id='word_1_417' title='bbox 1060 3937 1173 3997; x_wconf 87' lang='lat' dir='ltr'>Graeca</span> <span class='ocrx_word' id='word_1_418' title='bbox 1188 3935 1238 3995; x_wconf 94' lang='lat' dir='ltr'>lll.</span> <span class='ocrx_word' id='word_1_419' title='bbox 1256 3934 1304 3995; x_wconf 78' lang='lat' dir='ltr'>bb.</span> 
     </span>
    </p>

    <p class='ocr_par' dir='ltr' id='par_1_26' title="bbox 193 4023 1679 4381">
     <span class='ocr_line' id='line_1_62' title="bbox 197 4023 1641 4106; baseline -0.001 -20"><span class='ocrx_word' id='word_1_420' title='bbox 197 4024 273 4086; x_wconf 88' lang='grc'><strong>4680</strong></span> <span class='ocrx_word' id='word_1_421' title='bbox 291 4024 338 4084; x_wconf 86' lang='grc'><strong>464.</strong></span> <span class='ocrx_word' id='word_1_422' title='bbox 355 4030 446 4102; x_wconf 88' lang='lat' dir='ltr'>atque</span> <span class='ocrx_word' id='word_1_423' title='bbox 466 4023 580 4086; x_wconf 89' lang='lat' dir='ltr'>editum</span> <span class='ocrx_word' id='word_1_424' title='bbox 598 4028 728 4104; x_wconf 84' lang='lat' dir='ltr'>primum</span> <span class='ocrx_word' id='word_1_425' title='bbox 749 4044 767 4088; x_wconf 95' lang='lat' dir='ltr'>a</span> <span class='ocrx_word' id='word_1_426' title='bbox 787 4024 913 4088; x_wconf 86' lang='lat' dir='ltr'>Claudio</span> <span class='ocrx_word' id='word_1_427' title='bbox 1004 4031 1111 4091; x_wconf 89' lang='lat' dir='ltr'>Petrus</span> <span class='ocrx_word' id='word_1_428' title='bbox 1127 4028 1291 4106; x_wconf 84' lang='lat' dir='ltr'>Delphinus</span> <span class='ocrx_word' id='word_1_429' title='bbox 1305 4025 1401 4105; x_wconf 79' lang='lat' dir='ltr'>Epist.</span> <span class='ocrx_word' id='word_1_430' title='bbox 1424 4027 1484 4087; x_wconf 92' lang='grc'>406</span> <span class='ocrx_word' id='word_1_431' title='bbox 1500 4023 1537 4086; x_wconf 90' lang='lat' dir='ltr'>A.</span> <span class='ocrx_word' id='word_1_432' title='bbox 1554 4026 1641 4089; x_wconf 81' lang='grc'><strong>4470.</strong></span> 
     </span>
     <span class='ocr_line' id='line_1_63' title="bbox 193 4115 1679 4200; baseline 0.002 -23"><span class='ocrx_word' id='word_1_433' title='bbox 193 4115 344 4192; x_wconf 86' lang='lat' dir='ltr'>blenardo,</span> <span class='ocrx_word' id='word_1_434' title='bbox 358 4115 511 4196; x_wconf 84' lang='lat' dir='ltr'>Andegavi</span> <span class='ocrx_word' id='word_1_435' title='bbox 528 4121 594 4179; x_wconf 85' lang='lat' dir='ltr'>sire</span> <span class='ocrx_word' id='word_1_436' title='bbox 608 4121 764 4198; x_wconf 79' lang='lat' dir='ltr'>Juliomagi</span> <span class='ocrx_word' id='word_1_437' title='bbox 782 4120 868 4192; x_wconf 85' lang='grc'><strong>4640,</strong></span> <span class='ocrx_word' id='word_1_438' title='bbox 885 4120 911 4180; x_wconf 89' lang='grc'>4.</span> <span class='ocrx_word' id='word_1_439' title='bbox 1003 4122 1191 4200; x_wconf 81' lang='lat' dir='ltr'>Eugesippus</span> <span class='ocrx_word' id='word_1_440' title='bbox 1207 4119 1245 4180; x_wconf 90' lang='lat' dir='ltr'>de</span> <span class='ocrx_word' id='word_1_441' title='bbox 1261 4120 1411 4181; x_wconf 88' lang='lat' dir='ltr'>distantiis</span> <span class='ocrx_word' id='word_1_442' title='bbox 1431 4119 1566 4181; x_wconf 87' lang='lat' dir='ltr'>locorum</span> <span class='ocrx_word' id='word_1_443' title='bbox 1587 4127 1679 4182; x_wconf 80' lang='lat' dir='ltr'>terrae</span> 
     </span>
     <span class='ocr_line' id='line_1_64' title="bbox 194 4208 1679 4291; baseline 0.002 -20"><span class='ocrx_word' id='word_1_444' title='bbox 194 4208 280 4271; x_wconf 92' lang='lat' dir='ltr'>Alius</span> <span class='ocrx_word' id='word_1_445' title='bbox 295 4210 415 4288; x_wconf 78' lang='lat' dir='ltr'>Martyr</span> <span class='ocrx_word' id='word_1_446' title='bbox 424 4208 589 4272; x_wconf 84' lang='lat' dir='ltr'>Antoninus</span> <span class='ocrx_word' id='word_1_447' title='bbox 603 4210 813 4290; x_wconf 86' lang='lat' dir='ltr'>Apameensis,</span> <span class='ocrx_word' id='word_1_448' title='bbox 824 4209 914 4288; x_wconf 87' lang='lat' dir='ltr'>cujus</span> <span class='ocrx_word' id='word_1_449' title='bbox 966 4211 1195 4291; x_wconf 86' lang='lat' dir='ltr'>sanctae‚Anno</span> <span class='ocrx_word' id='word_1_450' title='bbox 1206 4213 1283 4275; x_wconf 84' lang='grc'><strong>4040</strong></span> <span class='ocrx_word' id='word_1_451' title='bbox 1293 4219 1324 4274; x_wconf 90' lang='lat' dir='ltr'>et</span> <span class='ocrx_word' id='word_1_452' title='bbox 1337 4213 1386 4274; x_wconf 90' lang='lat' dir='ltr'>alii</span> <span class='ocrx_word' id='word_1_453' title='bbox 1403 4213 1433 4272; x_wconf 91' lang='lat' dir='ltr'>iu</span> <span class='ocrx_word' id='word_1_454' title='bbox 1450 4215 1623 4290; x_wconf 74' lang='lat' dir='ltr'>symmictis</span> <span class='ocrx_word' id='word_1_455' title='bbox 1632 4210 1679 4274; x_wconf 79' lang='lat' dir='ltr'>Al</span> 
     </span>
     <span class='ocr_line' id='line_1_65' title="bbox 194 4302 1038 4381; baseline 0.001 -17"><span class='ocrx_word' id='word_1_456' title='bbox 194 4305 294 4381; x_wconf 88' lang='lat' dir='ltr'>passio</span> <span class='ocrx_word' id='word_1_457' title='bbox 307 4302 387 4381; x_wconf 94' lang='lat' dir='ltr'>apud</span> <span class='ocrx_word' id='word_1_458' title='bbox 402 4302 559 4373; x_wconf 52' lang='lat' dir='ltr'>labbeum,</span> <span class='ocrx_word' id='word_1_459' title='bbox 570 4311 640 4365; x_wconf 87' lang='lat' dir='ltr'>tom.</span> <span class='ocrx_word' id='word_1_460' title='bbox 653 4307 664 4365; x_wconf 92' lang='lat'><em>1</em></span> <span class='ocrx_word' id='word_1_461' title='bbox 679 4304 848 4366; x_wconf 89' lang='lat' dir='ltr'>bibliothec.</span> <span class='ocrx_word' id='word_1_462' title='bbox 861 4322 915 4366; x_wconf 94' lang='lat' dir='ltr'>no-</span> <span class='ocrx_word' id='word_1_463' title='bbox 968 4308 1038 4368; x_wconf 87' lang='lat' dir='ltr'>latii.</span> 
     </span>
    </p>

    <p class='ocr_par' dir='ltr' id='par_1_27' title="bbox 194 4397 1679 4555">
     <span class='ocr_line' id='line_1_66' title="bbox 194 4397 1679 4478; baseline 0 -23"><span class='ocrx_word' id='word_1_464' title='bbox 194 4413 251 4456; x_wconf 81' lang='lat' dir='ltr'>vae</span> <span class='ocrx_word' id='word_1_465' title='bbox 266 4397 348 4458; x_wconf 83' lang='lat' dir='ltr'>MSS.</span> <span class='ocrx_word' id='word_1_466' title='bbox 370 4413 435 4474; x_wconf 78' lang='lat' dir='ltr'>pag.</span> <span class='ocrx_word' id='word_1_467' title='bbox 461 4398 518 4456; x_wconf 90' lang='grc'>686</span> <span class='ocrx_word' id='word_1_468' title='bbox 534 4397 700 4465; x_wconf 84' lang='lat' dir='ltr'>Dolendum</span> <span class='ocrx_word' id='word_1_469' title='bbox 716 4403 765 4458; x_wconf 88' lang='lat' dir='ltr'>est</span> <span class='ocrx_word' id='word_1_470' title='bbox 784 4397 848 4466; x_wconf 84' lang='lat' dir='ltr'>lata</span> <span class='ocrx_word' id='word_1_471' title='bbox 869 4400 914 4458; x_wconf 91' lang='lat' dir='ltr'>in·</span> <span class='ocrx_word' id='word_1_472' title='bbox 1006 4399 1151 4478; x_wconf 84' lang='lat' dir='ltr'>nudolpln</span> <span class='ocrx_word' id='word_1_473' title='bbox 1172 4400 1209 4460; x_wconf 90' lang='lat' dir='ltr'>de</span> <span class='ocrx_word' id='word_1_474' title='bbox 1237 4397 1474 4477; x_wconf 80' lang='lat' dir='ltr'>Frameynsberg</span> <span class='ocrx_word' id='word_1_475' title='bbox 1500 4399 1582 4478; x_wconf 88' lang='lat' dir='ltr'>apud</span> <span class='ocrx_word' id='word_1_476' title='bbox 1602 4400 1679 4461; x_wconf 91' lang='lat' dir='ltr'>Cani·</span> 
     </span>
     <span class='ocr_line' id='line_1_67' title="bbox 194 4489 1056 4555; baseline 0.006 -7"><span class='ocrx_word' id='word_1_477' title='bbox 194 4491 370 4550; x_wconf 87' lang='lat' dir='ltr'>teroessisse</span> <span class='ocrx_word' id='word_1_478' title='bbox 384 4490 442 4550; x_wconf 86' lang='lat' dir='ltr'>viri</span> <span class='ocrx_word' id='word_1_479' title='bbox 458 4489 621 4551; x_wconf 87' lang='lat' dir='ltr'>doctissimi</span> <span class='ocrx_word' id='word_1_480' title='bbox 637 4490 775 4552; x_wconf 86' lang='lat' dir='ltr'>Hadriani</span> <span class='ocrx_word' id='word_1_481' title='bbox 790 4491 913 4553; x_wconf 82' lang='lat' dir='ltr'>ltelaudi</span> <span class='ocrx_word' id='word_1_482' title='bbox 967 4494 1056 4555; x_wconf 88' lang='lat' dir='ltr'>sium.</span> 
     </span>
    </p>

    <p class='ocr_par' dir='ltr' id='par_1_28' title="bbox 193 4581 1675 4755">
     <span class='ocr_line' id='line_1_68' title="bbox 193 4581 1675 4663; baseline 0.003 -22"><span class='ocrx_word' id='word_1_483' title='bbox 193 4581 605 4662; x_wconf 80' lang='lat' dir='ltr'>consilio,Aanalllbapud</span> <span class='ocrx_word' id='word_1_484' title='bbox 619 4585 802 4662; x_wconf 83' lang='lat' dir='ltr'>Trajeatinos</span> <span class='ocrx_word' id='word_1_485' title='bbox 815 4587 914 4647; x_wconf 76' lang='lat' dir='ltr'>extin-</span> <span class='ocrx_word' id='word_1_486' title='bbox 1004 4589 1108 4650; x_wconf 85' lang='lat' dir='ltr'>Franci</span> <span class='ocrx_word' id='word_1_487' title='bbox 1137 4590 1167 4648; x_wconf 86' lang='lat' dir='ltr'>iu</span> <span class='ocrx_word' id='word_1_488' title='bbox 1194 4587 1255 4649; x_wconf 86' lang='lat' dir='ltr'>loca</span> <span class='ocrx_word' id='word_1_489' title='bbox 1274 4592 1390 4660; x_wconf 85' lang='lat' dir='ltr'>sancta,</span> <span class='ocrx_word' id='word_1_490' title='bbox 1404 4584 1539 4661; x_wconf 52' lang='grc'><strong>,6066046</strong></span> <span class='ocrx_word' id='word_1_491' title='bbox 1560 4587 1602 4649; x_wconf 80' lang='lat' dir='ltr'>lx</span> <span class='ocrx_word' id='word_1_492' title='bbox 1619 4582 1675 4663; x_wconf 86' lang='lat' dir='ltr'>jam</span> 
     </span>
     <span class='ocr_line' id='line_1_69' title="bbox 193 4675 1136 4755; baseline 0.006 -21"><span class='ocrx_word' id='word_1_493' title='bbox 193 4676 249 4749; x_wconf 90' lang='lat' dir='ltr'>cti,</span> <span class='ocrx_word' id='word_1_494' title='bbox 266 4676 316 4752; x_wconf 88' lang='lat' dir='ltr'>qui</span> <span class='ocrx_word' id='word_1_495' title='bbox 334 4679 481 4738; x_wconf 84' lang='lat' dir='ltr'>recensita</span> <span class='ocrx_word' id='word_1_496' title='bbox 497 4694 564 4738; x_wconf 89' lang='lat' dir='ltr'>ase</span> <span class='ocrx_word' id='word_1_497' title='bbox 578 4675 705 4755; x_wconf 85' lang='lat' dir='ltr'>junctim</span> <span class='ocrx_word' id='word_1_498' title='bbox 721 4676 810 4739; x_wconf 86' lang='lat' dir='ltr'>edere</span> <span class='ocrx_word' id='word_1_499' title='bbox 827 4680 913 4740; x_wconf 81' lang='lat' dir='ltr'>insti-</span> <span class='ocrx_word' id='word_1_500' title='bbox 966 4682 1136 4742; x_wconf 88' lang='lat' dir='ltr'>inclinante.</span> 
     </span>
    </p>

    <p class='ocr_par' dir='ltr' id='par_1_29' title="bbox 194 4767 1514 4851">
     <span class='ocr_line' id='line_1_70' title="bbox 194 4767 1514 4851; baseline 0.002 -24"><span class='ocrx_word' id='word_1_501' title='bbox 194 4767 297 4828; x_wconf 87' lang='lat' dir='ltr'>tuebat</span> <span class='ocrx_word' id='word_1_502' title='bbox 314 4769 498 4849; x_wconf 86' lang='lat' dir='ltr'>Adamanni,</span> <span class='ocrx_word' id='word_1_503' title='bbox 515 4770 620 4834; x_wconf 89' lang='lat' dir='ltr'>Arialii</span> <span class='ocrx_word' id='word_1_504' title='bbox 636 4776 667 4833; x_wconf 87' lang='lat' dir='ltr'>et</span> <span class='ocrx_word' id='word_1_505' title='bbox 688 4770 847 4833; x_wconf 89' lang='lat' dir='ltr'>Willibaldi</span> <span class='ocrx_word' id='word_1_506' title='bbox 864 4774 912 4833; x_wconf 92' lang='lat' dir='ltr'>iti-</span> <span class='ocrx_word' id='word_1_507' title='bbox 1005 4774 1139 4851; x_wconf 84' lang='lat' dir='ltr'>Gregorii</span> <span class='ocrx_word' id='word_1_508' title='bbox 1154 4774 1195 4834; x_wconf 85' lang='lat' dir='ltr'>xl</span> <span class='ocrx_word' id='word_1_509' title='bbox 1211 4772 1280 4832; x_wconf 90' lang='lat' dir='ltr'>vide</span> <span class='ocrx_word' id='word_1_510' title='bbox 1295 4772 1382 4847; x_wconf 88' lang='lat' dir='ltr'>inira,</span> <span class='ocrx_word' id='word_1_511' title='bbox 1398 4773 1514 4851; x_wconf 78' lang='lat' dir='ltr'>Petrus</span> 
     </span>
    </p>

    <p class='ocr_par' dir='ltr' id='par_1_30' title="bbox 192 4863 1451 4943">
     <span class='ocr_line' id='line_1_71' title="bbox 192 4863 1451 4943; baseline 0.006 -23"><span class='ocrx_word' id='word_1_512' title='bbox 192 4865 324 4935; x_wconf 85' lang='lat' dir='ltr'>nerana,</span> <span class='ocrx_word' id='word_1_513' title='bbox 340 4877 409 4923; x_wconf 88' lang='lat' dir='ltr'>cum</span> <span class='ocrx_word' id='word_1_514' title='bbox 425 4864 575 4926; x_wconf 77' lang='lat' dir='ltr'>bennonis</span> <span class='ocrx_word' id='word_1_515' title='bbox 591 4863 712 4943; x_wconf 86' lang='lat' dir='ltr'>Altingii</span> <span class='ocrx_word' id='word_1_516' title='bbox 728 4873 911 4927; x_wconf 89' lang='lat' dir='ltr'>commenta·</span> <span class='ocrx_word' id='word_1_517' title='bbox 1004 4865 1140 4930; x_wconf 86' lang='lat' dir='ltr'>Hadriani</span> <span class='ocrx_word' id='word_1_518' title='bbox 1162 4866 1200 4927; x_wconf 80' lang='lat' dir='ltr'>vl</span> <span class='ocrx_word' id='word_1_519' title='bbox 1221 4866 1290 4929; x_wconf 82' lang='lat' dir='ltr'>tide</span> <span class='ocrx_word' id='word_1_520' title='bbox 1310 4865 1451 4928; x_wconf 88' lang='lat' dir='ltr'>Ortizius.</span> 
     </span>
    </p>

    <p class='ocr_par' dir='ltr' id='par_1_31' title="bbox 192 4953 1677 5040">
     <span class='ocr_line' id='line_1_72' title="bbox 192 4953 1677 5040; baseline 0.005 -26"><span class='ocrx_word' id='word_1_521' title='bbox 192 4955 235 5015; x_wconf 91' lang='lat' dir='ltr'>rio</span> <span class='ocrx_word' id='word_1_522' title='bbox 245 4955 275 5017; x_wconf 91' lang='lat' dir='ltr'>in</span> <span class='ocrx_word' id='word_1_523' title='bbox 291 4953 408 5017; x_wconf 89' lang='lat' dir='ltr'>tabulas</span> <span class='ocrx_word' id='word_1_524' title='bbox 421 4959 678 5039; x_wconf 76' lang='lat' dir='ltr'>beutiogerianas,</span> <span class='ocrx_word' id='word_1_525' title='bbox 689 4957 910 5024; x_wconf 85' lang='lat' dir='ltr'>ltiuerarioAa·</span> <span class='ocrx_word' id='word_1_526' title='bbox 1004 4959 1103 5024; x_wconf 84' lang='lat' dir='ltr'>iacobi</span> <span class='ocrx_word' id='word_1_527' title='bbox 1120 4959 1285 5021; x_wconf 83' lang='lat' dir='ltr'>Ticinensis</span> <span class='ocrx_word' id='word_1_528' title='bbox 1301 4958 1428 5025; x_wconf 88' lang='lat' dir='ltr'>diarium</span> <span class='ocrx_word' id='word_1_529' title='bbox 1445 4959 1643 5040; x_wconf 78' lang='lat' dir='ltr'>protectionis.</span> <span class='ocrx_word' id='word_1_530' title='bbox 1666 4976 1677 5017; x_wconf 62' lang='grc' dir='ltr'>,ἰ</span> 
     </span>
    </p>
   </div>
   <div class='ocr_carea' id='block_1_11' title="bbox 0 0 1736 5318">
    <p class='ocr_par' dir='ltr' id='par_1_32' title="bbox 0 0 1736 5318">
     <span class='ocr_line' id='line_1_73' title="bbox 0 0 1736 5318; baseline 0 5"><span class='ocrx_word' id='word_1_531' title='bbox 0 0 1736 5318; x_wconf 95' lang='lat' dir='ltr'> </span> 
     </span>
    </p>
   </div>
  </div>
 </body>
</html>
