3458 5332
686 331 986 394 ALBlilt'l'US
1543 330 1579 392 61

52 444 171 507 siensis
187 442 246 505 sub
273 442 415 521 Gregorio
431 440 487 502 xit
504 442 585 501 cirea
606 437 639 500 t.
658 442 691 503 C·
713 440 793 503 6666
857 443 927 502 bros
944 441 1161 503 sententiarum
1177 448 1207 501 et
1220 443 1249 500 66
1261 440 1407 517 quosdam
1419 440 1509 501 libros
1520 439 1586 500 666-

59 536 162 615 Cujns
176 550 309 595 curcum
320 532 474 613 specnlmn
485 533 586 595 iaudat
596 532 798 596 Theudoricus
845 534 991 609 'stotelis,
1016 534 1118 594 varias
1144 534 1269 593 Divinae
1294 536 1465 613 Scripturas
1490 550 1584 611 quao-

56 628 285 709 Engelhusius.
854 628 968 686 stiones
985 624 1114 686 traditur
1139 627 1323 687 enucleasse.
1347 627 1423 687 i'ide.
1446 630 1585 689 6655666-

99 720 308 783 AIAEERTUS
338 716 562 796 Florioceosis,
585 718 656 779 vide
686 735 795 797 supra,
853 734 937 779 num.
1145 710 1157 727 ⁸

54 812 326 875 nnaavntntts.
891 810 1583 891 6636666Τῦ86666665666661166666666666666,

97 904 304 967 ALBERTUS
319 901 537 983 Frisinpensis,
551 904 731 984 Episcopus,
743 906 794 982 qui
851 904 941 980 inira,
961 900 1162 964 Vercellensis.

56 998 117 1059 666.
145 998 225 1059 1359
242 995 331 1071 obiit,
347 997 482 1076 Scriptor
510 996 593 1059 Vitae
614 998 793 1057 Sanctorum
889 994 1090 1056 ALBERTUS
1101 993 1137 1055 de
1152 996 1245 1054 Horta
1260 994 1394 1071 curisti,
1405 997 1576 1057 carthusia-

56 1088 330 1167 lr'iiiuniEpiscopi
340 1088 609 1165 wirtzburgensis,
622 1087 796 1152 Colomonni
849 1104 923 1155 nus,
950 1085 1039 1165 cujus
1064 1087 1237 1148 Tractatum
1263 1086 1299 1146 de
1325 1087 1515 1147 Matrimonia
1536 1089 1573 1149 ud

56 1182 256 1261 Presbyteri,
279 1187 312 1241 et
335 1179 472 1255 Totnoni,
487 1183 654 1261 Martyrum
681 1181 738 1243 66.
758 1184 791 1244 C.
850 1182 1024 1241 instantiam
1041 1179 1255 1257 Osn’aldi,qai
1263 1182 1355 1239 Ducis
1366 1181 1486 1240 Ernesti
1499 1180 1578 1239 Cou-

57 1278 127 1336 689.
159 1277 194 1335 16
214 1272 301 1335 Actis
325 1274 504 1341 Sanctorum
522 1276 540 1333 8
560 1275 630 1334 66666
658 1282 729 1335 tom.
747 1277 793 1349 66,
852 1275 982 1335 siliarius
1008 1274 1083 1345 luit,
1110 1275 1336 1351 compositum,
1360 1278 1392 1330 ct
1418 1274 1577 1332 Sermones

59 1386 128 1447 pag.
145 1368 207 1427 966
218 1368 251 1425 66
268 1368 395 1426 loannis
406 1368 484 1426 Petri
501 1366 654 1445 Ludewig.
666 1368 796 1447 Scripto
850 1366 1030 1445 capitulares
1054 1364 1092 1426 de
1120 1371 1255 1444 tempore
1282 1371 1313 1424 et
1341 1366 1466 1436 sanctis,
1495 1364 1576 1425 MSS.

57 1462 142 1522 ribus
162 1459 451 1536 Witzburgensibus
475 1476 541 1538 pag.
559 1460 618 1517 966
634 1466 665 1520 ct
683 1462 712 1519 in
740 1462 795 1522 66-
850 1464 1064 1519 commemorat
1076 1457 1247 1519 Bernartius
1257 1459 1364 1521 Pezius
1375 1464 1446 1516 tom.
1454 1457 1493 1517 666
1502 1452 1582 1517 665-

56 1554 126 1614 nisii
145 1552 341 1613 Lectionibus
356 1550 497 1628 Antiquis
508 1558 579 1611 torn.
595 1553 646 1626 lb’,
658 1570 723 1631 pag.
736 1555 794 1614 628
850 1551 1005 1612 cdotorum
1021 1557 1105 1628 parto
1121 1551 1174 1623 iil,
1191 1568 1220 1629 p.
1238 1550 1306 1609 639.

54 1654 87 1709 et
109 1644 252 1706 editionis
265 1661 361 1704 novae
379 1649 451 1703 tom.
470 1644 523 1718 666,
541 1661 605 1722 pag.
623 1644 688 1706 t7t.
707 1646 794 1706 Cani·
890 1642 1101 1718 ALBERTUS,
1118 1641 1439 1717 loonm's,iiarlemius
1450 1642 1578 1701 ¹Carme-

56 1741 140 1800 sium
175 1755 244 1799 eam
275 1736 426 1797 tribuebat
447 1734 622 1814 Epilwurdo
651 1738 793 1798 Monacho
850 1737 902 1795 lita
916 1779 923 1803 ,
937 1733 1100 1796 defunctus
1118 1733 1173 1794 666.
1201 1736 1287 1794 1696.
1314 1732 1410 1811 CuJus
1433 1734 1580 1793 Lecturus

54 1832 200 1910 Scriptori
229 1831 313 1890 vitae
331 1831 361 1889 S.
391 1828 569 1903 Burcbardi,
585 1830 724 1907 quoniam
742 1832 793 1905 (666
850 1828 880 1886 in
908 1825 1165 1901 Ecclesiasticum,
1184 1826 1215 1887 in
1242 1826 1425 1888 cononicam
1449 1823 1574 1885 Joormis

54 1927 152 1985 vitam
165 1924 260 1984 trium
269 1922 387 1982 illorum
394 1921 668 1999 composuit,elia1n
676 1922 705 1979 S.
715 1921 795 2006 liur-
844 1919 992 1997 primum,
1010 1920 1189 1993 Sermones,
1206 1924 1235 1979 et
1252 1918 1284 1977 in
1298 1918 1479 1997 blopistrum
1504 1919 1578 1979 seo-

53 2014 167 2075 cbordi
181 2016 278 2105 vitam
294 2016 450 2093 promittit.
467 2013 525 2075 Sed
540 2014 793 2093 apluribusbanc
849 2018 1009 2071 tenna-rum
1039 2011 1231 2088 Qrtoestiones
1265 2017 1411 2072 memorat
1441 2012 1577 2071 Valerius

54 2110 206 2187 scriptam
226 2109 291 2185 ipso
309 2107 449 2168 Canisius
466 2123 526 2167 non
543 2107 697 2167 diffitetur.
848 2105 1003 2183 66666665,
1017 2122 1109 2182 quem
1125 2106 1237 2177 nescio,
1253 2120 1345 2181 quaro
1362 2104 1512 2163 Valerium
1524 2105 1579 2161 Ta·

96 2200 305 2263 ALBERTUS
332 2197 477 2275 Galeotti,
502 2202 567 2261 sive
593 2197 705 2259 Golr‘oti
724 2202 793 2258 Par·
847 2197 996 2258 xandrum
1009 2203 1162 2275 nuncupet
1177 2196 1284 2273 illegrc
1300 2212 1366 2275 pag.
1381 2194 1439 2255 373
1449 2194 1576 2272 paradisi

53 2291 572 2367 6666565,60165,666666656ωυί6
590 2298 656 2370 post
675 2292 791 2352 Saecuii
847 2290 1037 2349 (ianneiitici.

52 2388 124 2451 Xlll
143 2386 245 2459 initia,
263 2382 353 2462 cujus
366 2382 568 2458 summulam,
587 2387 652 2443 sivo
668 2384 791 2462 biorpo-
887 2380 1086 2443 utrantos
1101 2375 1299 2455 Arub'emius,
1314 2387 1511 2457 cognomento
1524 2380 1578 2437 iii-

53 2479 148 2539 ritum
170 2476 388 2555 Quaestionum
404 2483 434 2537 et
448 2476 688 2536 Decies-rationem
704 2474 791 2535 iaedi·
846 2474 937 2549 VET,
954 2475 1175 2535 Car-thusianus
1192 2475 1222 2531 in
1237 2474 1340 2533 665666
1350 2475 1480 2551 Reginae
1495 2472 1576 2532 Coeli

52 2572 171 2632 cioimm
182 2570 316 2631 celebrat
326 2568 509 2629 Tiithemius
520 2586 584 2647 cap.
598 2570 664 2628 663.
677 2570 789 2629 iturum
845 2566 924 2643 apud
942 2568 1121 2640 Wesaliam,
1139 2565 1304 2627 defunctus
1321 2565 1377 2625 66.
1405 2563 1492 2625 6666.
1514 2561 1576 2623 66-

52 2666 295 2725 dcciuratiouum
320 2677 425 2723 ansam
442 2662 567 2739 petitam
584 2679 620 2722 er
649 2662 787 2721 Gvilelmi
842 2666 908 2718 ctor
923 2658 1136 2739 Referendurii
1163 2657 1382 2738 lircmplorum
1398 2657 1451 2717 t'lt
1471 2654 1577 2715 distin-

51 2760 198 2819 liroretae
221 2756 365 2816 Tractatu
394 2754 431 2814 de
458 2752 638 2831 judiciorum
655 2752 785 2829 Ordine,
843 2752 991 2813 ctionibus
1008 2754 1118 2830 partiti.
1135 2751 1209 2811 i'ide
1226 2753 1408 2811 Sneertium
1426 2764 1490 2826 pag.
1514 2749 1571 2808 163

52 2857 138 2911 notat
155 2846 255 2909 Gvido
266 2847 450 2908 Paucirollus
462 2848 540 2920 il,39
552 2846 590 2905 do
607 2845 787 2906 clarisiuris
841 2850 871 2904 et
888 2846 1040 2905 Valerium
1057 2843 1209 2905 Andream
1226 2860 1290 2921 pag.
1308 2843 1355 2902 36.

49 2941 286 3021 interpretibus,
297 2940 349 3018 qui
359 2940 449 2999 ctiam
464 2938 502 3009 66,
517 2940 555 2998 36
567 2945 712 2998 memorat
723 2937 787 2997 666-
879 2936 1078 2997 ALBERTUS
1088 2934 1256 2996 leodiensis
1268 2979 1274 3007 ,
1286 2935 1461 3007 Monachus,
1474 2950 1565 3009 quoru

52 3036 210 3098 BERTUM
227 3034 337 3095 tetum
360 3032 578 3092 Bononiensem
597 3030 691 3090 filiurn
709 3027 787 3090 Orio
840 3028 1035 3106 Couginsnn.
1047 3027 1105 3087 880
1118 3034 1202 3086 notat
1214 3026 1336 3097 vixisse,
1349 3026 1427 3085 idem
1437 3032 1485 3084 est
1496 3042 1566 3084 cum

55 3126 131 3189 iredi
145 3126 227 3201 tctt,
243 3124 377 3186 deiuncti
394 3122 481 3184 Anno
499 3122 586 3184 1665.
842 3120 990 3197 lobiensi,
1012 3119 1124 3197 dequo
1146 3135 1235 3191 mox,
1257 3117 1311 3177 scd
1328 3134 1419 3195 quem
1441 3118 1569 3177 Saeculo

95 3222 112 3253 ⁸
133 3222 204 3282 b'on
221 3219 315 3279 alium
333 3233 401 3278 esso
414 3214 503 3276 credo
520 3214 652 3275 libellum
670 3213 719 3272 hic
743 3213 787 3270 in·
840 3213 955 3290 integro
979 3209 1129 3288 juniorem
1151 3210 1277 3269 Vossius
1304 3216 1385 3268 recta
1402 3209 1566 3267 annotavit.

54 3314 191 3375 dicatum
216 3328 234 3372 a
263 3310 415 3386 Fabricio,
446 3325 537 3386 quum
567 3322 718 3367 summam
749 3303 784 3363 de
841 3304 926 3365 Alias
941 3302 1174 3365 ALBEitTUSa
1194 3301 1362 3377 Limborgb‘
1382 3297 1569 3369 leodiensis,

51 3400 283 3486 quaestionibus
314 3401 474 3465 Canonicis
497 3407 649 3461 servatam
675 3401 706 3458 in
726 3400 784 3458 its.
841 3398 1062 3458 i’rotouotarius
1080 3395 1270 3474 Apostolicus
1286 3400 1317 3455 ct
1333 3393 1371 3455 ad
1389 3393 1419 3453 S.
1442 3392 1567 3452 Paulam

54 3498 165 3559 codice
187 3498 249 3557 208
269 3495 469 3558 Bibliothecae
490 3494 593 3554 Felini.
840 3492 990 3564 incanus,
1007 3492 1059 3567 qui
1077 3496 1156 3549 testo
1172 3489 1287 3549 Valerio
1301 3485 1421 3547 Andron
1437 3482 1473 3544 A.
1489 3482 1566 3545 1667

27 3592 30 3601 “
94 3590 310 3663 ALBERTUS,
331 3588 432 3650 Abbas
463 3584 695 3661 Gembiuceusis,
717 3582 786 3642 vidc
843 3581 927 3655 obiit,
944 3584 1108 3660 panxitque
1126 3582 1243 3641 heroico
1259 3581 1392 3649 carmine
1424 3574 1572 3638 laudatio-

56 3685 131 3745 inira
148 3679 314 3744 lobiensis.
759 3726 764 3741 ,
842 3691 911 3734 nem
929 3675 1051 3751 Collegii
1062 3676 1093 3750 S,
1108 3675 1204 3745 Pauli,
1215 3690 1285 3733 cum
1301 3674 1488 3733 Decanorum
1504 3685 1574 3729 con-

91 3758 786 3850 66666695,6661666ῑ’66666666666666
845 3768 929 3827 tinua
957 3767 1148 3826 successione
1170 3765 1207 3825 ab
1223 3764 1310 3824 6666
1326 3765 1403 3825 6668
1424 3761 1462 3822 ad
1486 3763 1572 3823 1663.

57 3872 155 3948 magni
185 3870 351 3941 Eremitae,
378 3862 558 3944 discipulus,
585 3859 674 3940 cujus
699 3861 787 3921 6666
841 3857 932 3918 Leodi
954 3858 1042 3930 1666,
1062 3858 1088 3916 6.

58 3960 383 4026 113666166666666666
393 3959 525 4036 scripsit,
536 3955 646 4037 editam
662 3956 691 4014 in
704 3954 787 4014 lictis
881 3948 1095 4023 ALBERTUS,
1114 3952 1178 4008 sive
1195 3948 1408 4021 OLBERTL'S,
1422 3965 1460 4009 ex
1475 3948 1574 4007 661666-

58 4058 238 4118 Sanctorum
262 4056 298 4115 66
330 4052 490 4113 Februarii.
509 4048 695 4112 conserenda
715 4047 788 4107 Gvi-
841 4044 897 4103 cbo
910 4044 1103 4104 Benedicttno
1120 4039 1270 4113 lobiensi,
1282 4040 1475 4100 leodinensis
1486 4041 1572 4099 itine-

59 4150 136 4209 lelmi
157 4146 196 4208 dc
219 4146 330 4219 ivaha,
348 4144 512 4221 Meireusii,
531 4144 560 4204 S.
580 4144 600 4202 l.
617 4140 786 4219 explanatio
840 4140 932 4211 cesis,
947 4134 1047 4197 Abbas
1063 4132 1288 4193 Gamblacensis
1305 4132 1383 4191 circa
1403 4130 1437 4190 Α.
1455 4130 1488 4190 C.
1507 4130 1565 4188 989

60 4243 137 4300 ritae
155 4240 187 4300 S.
204 4239 346 4299 Guilelmi
362 4238 473 4315 Magni,
488 4235 568 4297 edita
581 4232 680 4295 Leodii
699 4232 785 4305 6693,
841 4235 1014 4309 praeceptor
1027 4223 1190 4287 burchardi
1209 4225 1348 4303 Episcopi
1366 4222 1567 4284 6666666656-

62 4335 103 4393 li.
121 4334 200 4394 Acta
213 4332 410 4395 Eruditorum
429 4331 521 4405 1696,
538 4345 603 4408 pag.
622 4326 689 4389 666.
841 4327 897 4395 565,
914 4323 962 4382 cui
984 4326 1088 4382 auctor
1112 4319 1166 4379 init
1192 4317 1230 4378 ad
1249 4333 1391 4396 maguum
1413 4316 1568 4376 canonum

95 4424 248 4503 Anonymi
271 4425 400 4485 narratio
418 4423 559 4482 historica
576 4419 614 4480 do
631 4418 722 4480 rebus
738 4436 788 4497 ge·
840 4417 985 4477 Velamen
1006 4410 1255 4492 componendum.
1278 4408 1451 4486 sigebertus
1479 4406 1571 4464 (iem-

62 4521 112 4579 stis
129 4517 293 4579 nissam
310 4534 347 4577 ex
362 4514 497 4578 Ducibus
513 4510 787 4575 Brunsvicensibus
841 4509 989 4569 blacensis
1004 4524 1031 4567 c.
1050 4505 1107 4568 663
1135 4522 1205 4565 eum
1223 4506 1263 4562 ait
1282 4502 1394 4561 Nomen
1409 4513 1500 4557 sitnm
1518 4512 1570 4556 oc-

62 4605 789 4691 16666566616166666·5666166656’5.666665666661666-
841 4606 988 4672 ternossa,
1006 4598 1087 4659 vitus
1107 4600 1287 4659 Sanctorum
1304 4595 1433 4654 Potimm
1456 4587 1569 4648 descri-
1654 4603 1659 4611 ·

63 4702 212 4765 scicensis.
842 4691 934 4753 beardo
945 4696 1092 4753 elocutus
1104 4689 1134 4752 in
1150 4690 1286 4749 bonorem
1299 4688 1477 4748 Sanctormm
1493 4696 1571 4739 com-

99 4796 345 4859 :tessaresce
356 4792 577 4857 Riclmcrsdori
585 4795 672 4866 Sauo,
684 4792 789 4850 calio-
839 4783 981 4865 primodo.
999 4784 1113 4847 Eodem
1129 4801 1168 4844 ox
1186 4778 1430 4859 Sigcbertobaec
1451 4773 1569 4837 6666666-

65 4881 788 4952 666666666566656166166656611665666166.6363
843 4882 922 4940 mins
938 4895 1001 4957 cap.
1022 4878 1080 4936 306
1097 4878 1134 4935 de
1152 4877 1293 4952 scriptor.
1311 4872 1425 4934 Ecclcs.
1437 4875 1466 4927 ct
1490 4867 1514 4926 66
1535 4866 1566 4925 ii

65 4984 238 5063 Episcopus,
258 4984 308 5061 qui
328 4988 446 5060 practer
463 4978 693 5042 cornmcntarios
709 4976 737 5034 in
757 4975 790 5033 li-
848 4973 1007 5032 illustrium
1032 4967 1300 5029 benedictinorum.

1188 5090 1204 5144 6
