3464 5318
651 360 1042 424 ENGELMODUS

137 471 235 533 Guido
247 469 286 530 de
296 468 460 543 columnia,
477 467 606 529 debello
621 467 759 547 Troiano.
772 469 823 531 ci·

99 573 191 640 tetur,
207 562 308 626 ubido
325 561 424 641 Troja.

136 658 281 741 Ejusdem
296 657 443 719 Chronica
464 658 686 719 Britannorum.
706 658 823 720 Citatur

96 758 128 816 in
146 753 333 817 Praelatione
351 750 502 812 Auctoris.

138 848 343 912 Hebraeorum
360 843 559 907 Traditiones.

138 940 334 1006 lielinandus.

137 1037 287 1099 ilenricus
300 1033 390 1096 iiosla
403 1031 638 1113 h'ienborgensis
658 1032 758 1094 Poeta.
774 1032 825 1093 ci-

96 1138 180 1194 tatur
194 1131 224 1190 in
239 1130 425 1190 praefatione
440 1127 591 1202 Auctoris,
606 1127 675 1189 alibi
689 1129 813 1208 passim.

140 1225 316 1303 Hieronymi
333 1222 492 1285 chronica.

138 1321 278 1384 iliiarius.

138 1414 269 1479 ilistoria
286 1411 473 1474 Scholastica
494 1411 689 1472 comestoris.

138 1514 298 1574 ilomerus.

136 1606 259 1668 lionorii
276 1602 405 1664 solitarii
423 1602 552 1663 Historia
569 1601 722 1667 solemnis.
738 1603 827 1662 Prae·

100 1701 152 1762 434.
167 1697 316 1759 Auctoris.
331 1694 426 1757 citari
444 1694 523 1757 solet
539 1693 642 1755 littere
656 1696 691 1756 ii.

140 1791 261 1855 lionorii
273 1788 403 1851 Solitarii
413 1803 534 1867 gemma
544 1788 684 1849 animae:
701 1788 731 1847 in
742 1789 829 1849 Prae

103 1889 225 1950 latione.

140 1984 226 2061 lingo
236 1978 456 2052 Floriacensis,
474 1977 504 2035 in
521 1974 649 2036 Praelat.

135 2076 223 2152 iiugo
235 2070 467 2149 bambergensis
479 2071 509 2129 in
519 2070 829 2131 ilistorial'oiitarum.

99 2167 177 2233 Vide
208 2165 373 2228 Auctorem
400 2162 458 2224 snb
486 2160 644 2242 iioduipho
677 2160 831 2225 liabsbur-

122 2279 200 2324 ensi.

101 2284 121 2344 g
143 2356 291 2417 Joachuni
305 2353 432 2416 Abbatis
445 2352 610 2433 prophetia.

142 2449 241 2511 Jorud.
470 2448 475 2459 '

144 2542 278 2619 Jordani,
291 2543 425 2624 Magistri
442 2540 600 2603 Generalis
612 2537 734 2602 Ordinis
745 2541 832 2600 4333-

103 2637 284 2713 dicatorum,
301 2635 450 2698 Chronica
463 2633 501 2696 de
517 2634 677 2696 Germanis
692 2634 832 2715 Regibus

103 2732 147 2795 De
165 2749 200 2792 eo
214 2729 329 2793 Auctor
344 2732 374 2792 in
392 2729 535 2809 Gregorio
550 2728 603 2791 lii.

141 2825 303 2904 losephus

143 2923 300 2982 irenaeus.

144 3013 249 3076 isidori
266 3014 345 3075 Libri
358 3012 629 3093 Etymoioginrum.

96 3127 101 3135 ·
143 3108 247 3171 Julius
261 3108 380 3169 Celsus.

145 3202 279 3267 Libellus
294 3203 385 3265 iiosis
401 3207 507 3263 contra
522 3198 625 3263 Belial.

145 3298 234 3359 Liber
251 3297 391 3360 Virorum
409 3295 574 3357 illustrium
589 3290 836 3357 Ordiniscister-

108 3393 237 3454 elensis.

130 3480 300 3548 'Lucanus

143 3578 327 3642 Methodius

146 3674 246 3736 Orosii
262 3671 480 3735 Ecclesiastico
493 3673 632 3735 ilistoria.
750 3666 760 3751 j

147 3764 286 3828 04444433.

147 3861 258 3922 Petrus
273 3860 448 3923 4434343333.

150 3952 245 4017 Philo.

153 4047 252 4110 Plauti
272 4047 461 4109 Comoediae.

127 4218 129 4224 ι
149 4143 270 4219 Poetae,
282 4140 399 4204 Aurora
416 4142 496 4204 Petri
512 4141 549 4205 de
566 4144 649 4225 iliga.
665 4144 709 4207 lie
725 4143 840 4233 eodu-

109 4243 180 4300 ctor
200 4237 258 4297 sub
279 4234 439 4299 Anastasio
455 4236 504 4299 ill.

153 4322 272 4393 Politria
286 4348 366 4392 nova
382 4329 526 4394 Gauhedi
544 4330 602 4395 sub
622 4332 739 4395 calixto
756 4332 792 4395 il.

151 4426 290 4503 Prosperi
309 4424 467 4487 Chronica.

154 4518 304 4580 iiuffinus.

159 4613 334 4674 Sallustius.

156 4707 282 4769 Seneca.

157 4802 357 4879 Septuaginta
370 4801 568 4880 interpretea

158 4895 292 4957 Solinus.

159 4992 282 5052 Statuta
300 4990 527 5068 imperatorum.

160 5083 345 5146 Theodulus.

916 470 1120 532 Theodericus
1136 470 1174 531 de
1191 471 1286 531 Niem.

917 564 1063 627 Theodori
1080 567 1173 644 Longi
1190 566 1228 626 de
1241 565 1387 629 Eimbeire
1404 568 1521 632 Poena

918 660 1036 739 Trogus
1057 657 1227 738 Pompeius.

917 755 1041 833 Turpini
1057 755 1216 816 ilemensis
1228 754 1379 818 chronica
1395 758 1589 820 Francorum.

917 849 956 909 44.
972 846 1144 925 'i'yderieus
1164 850 1271 909 minor.
1286 848 1362 910 Vide
1379 853 1409 911 in
1432 851 1604 915 Alexandro

878 942 928 1003 lii.
944 938 1071 1003 Videtur
1084 956 1144 1002 nou
1159 956 1228 1003 esse
1245 942 1323 1003 alius
1340 943 1552 1007 aTbeodarieo
1566 944 1605 1008 de

877 1036 976 1098 Niom.

917 1128 1033 1191 Versus
1050 1131 1219 1191 variorum.

917 1220 1068 1287 vincentii
1087 1224 1253 1302 Speculum
1270 1226 1440 1289 ilistoriale.

919 1316 1072 1396 Virgilius

918 1409 988 1470 Vita
1003 1410 1033 1472 S.
1056 1410 1284 1474 liermachorae.
1303 1415 1534 1495 (Hermagorae.)

920 1501 1105 1564 wilhelmus
1121 1505 1308 1567 carisiensis.

919 1597 1179 1659 EllGlibiiOliliS
1188 1600 1357 1681 Episcopus
1367 1603 1608 1683 Sveesionensis,

882 1689 971 1771 cujus
990 1709 1112 1754 carmen
1135 1696 1254 1772 epicum
1273 1697 1302 1757 in
1328 1697 1435 1760 laudes
1455 1701 1608 1764 Paschasii

882 1786 1037 1861 lietberti,
1053 1786 1179 1848 Abbatis
1196 1788 1405 1868 corbeiensis,
1422 1810 1515 1872 quern
1537 1811 1610 1856 con·

883 1886 947 1941 stat
961 1879 1042 1940 diem
1062 1880 1174 1942 obiisse
1201 1898 1379 1960 supremum
1408 1886 1465 1948 An.
1493 1888 1609 1951 ciiristi

885 1972 938 2035 8444
963 1972 1059 2055 edidit
1075 1990 1146 2036 cunr
1163 1975 1296 2036 lietberti
1310 1979 1415 2056 scripti
1432 1981 1611 2044 sirmondus

884 2067 1005 2129 Parisiis
1019 2069 1073 2130 464
1079 2068 1108 2141 ih
1122 2068 1171 2130 iol.
1190 2085 1332 2131 recusum
1350 2073 1420 2134 inde
1439 2075 1470 2134 in
1487 2078 1610 2138 Pathum

885 2158 1079 2223 bibliothecis
1096 2168 1129 2223 et
1147 2164 1312 2226 novissima
1327 2167 1522 2247 lugdunensi
1538 2177 1612 2231 torn.

884 2254 964 2314 iiiii.
984 2270 1050 2334 pag.
1068 2259 1147 2334 35³,
1165 2260 1234 2320 3444.

876 2420 878 2427 1
923 2346 1199 2414 ENGOLIMENSE
1217 2356 1244 2430 3)
1261 2356 1430 2419 chronicon
1455 2359 1550 2420 breve
1575 2359 1616 2420 ab

884 2438 940 2501 An.
956 2443 1073 2506 ciiristi
1087 2447 1147 2508 844
1171 2448 1209 2510 ad
1234 2451 1288 2512 994
1311 2453 1342 2510 43
1370 2452 1478 2513 Labbei
1505 2452 1615 2514 Biblio-

885 2533 974 2596 theca
990 2540 1073 2601 4488.
1088 2548 1162 2602 tom.
1178 2561 1244 2624 pag.
1260 2545 1402 2607 388344).

924 2631 1054 2710 Moenus
1068 2634 1160 2697 Felt'ce
1171 2637 1376 2715 trithenius,
1389 2639 1547 2721 Arnnipbo
1561 2642 1617 2703 Le·

886 2725 1024 2786 33343334
1047 2726 1076 2804 4))
1102 2736 1225 2810 propter
1234 2731 1450 2795 obscuritatem
1462 2733 1615 2812 4333443443,

884 2818 1060 2882 bernhardo
1076 2822 1170 2885 sacco
1185 2823 1373 2903 AEonodr'or,
1391 2829 1562 2911 Episcopus
1577 2831 1617 2893 ab

887 2910 1012 2991 Ambit
1031 2914 1068 2977 ad
1080 2917 1149 2978 864.
1165 2919 1344 2998 Tieinensis,
1356 2921 1521 2985 delunotus
1536 2940 1617 2986 anno

889 3009 998 3067 aetatis
1024 3009 1155 3071 XLVlli.
1184 3013 1227 3075 De
1254 3013 1304 3074 iiio
1332 3014 1409 3076 Aeta
1436 3017 1617 3081 Sanctorum

890 3106 962 3159 tom.
981 3102 1008 3160 4.
1029 3102 1102 3162 iulii
1129 3102 1175 3164 47.
1207 3122 1273 3184 pag.
1301 3106 1383 3183 674,
1414 3124 1499 3188 seqq.
1530 3112 1617 3173 Varia

891 3196 1016 3273 scripsit
1040 3212 1135 3260 versu
1151 3204 1182 3257 et
1196 3215 1304 3277 prosa,
1322 3218 1451 3280 quorum
1476 3205 1620 3284 pleraque

891 3286 974 3348 edita
996 3290 1026 3349 in
1047 3290 1347 3373 Orthodoxographis
1368 3296 1425 3358 An.
1448 3298 1621 3360 45694343.

890 3383 918 3443 4.
938 3397 1005 3462 pag.
1020 3383 1155 3467 469480
1172 3392 1205 3447 et
1218 3388 1255 3449 ab
1269 3388 1391 3452 Andrea
1408 3390 1534 3454 schotto
1548 3394 1622 3455 Tor-

891 3476 957 3536 naci
980 3476 1057 3539 4646
1074 3478 1129 3539 sed
1143 3480 1369 3558 emendatiora,
1386 3487 1583 3567 auctioraque
1603 3506 1621 3550 a

891 3567 1000 3630 iacebo
1017 3568 1196 3651 Sinnondo‚
1213 3575 1335 3638 Parisiis
1352 3580 1425 3641 4644
1443 3624 1450 3656 ,
1468 3582 1498 3642 8.
1514 3581 1553 3645 ad
1572 3582 1623 3647 Ni-

892 3661 1010 3724 oolaum
1040 3666 1194 3745 reorum,
1217 3686 1288 3732 eum
1312 3673 1444 3735 eruditis
1469 3678 1550 3738 notis
1565 3723 1573 3754 ,
1587 3685 1623 3740 et

893 3762 967 3816 tom.
980 3758 1006 3818 4.
1017 3758 1152 3839 Operum
1164 3763 1314 3824 Sirmondi
1324 3764 1455 3846 iunctim
1471 3768 1622 3832 editorum

892 3850 1015 3912 Parisiis
1042 3854 1121 3915 4696
1147 3861 1239 3936 atque
1264 3857 1334 3920 inde
1358 3861 1494 3923 lienetiia
1523 3862 1622 3940 4769,

895 3944 943 4006 iol.
960 3947 1080 4011 lieeusd
1096 3949 1221 4028 quidem
1245 3952 1337 4014 etiam
1366 3961 1440 4016 sunt
1465 3957 1497 4017 in
1516 3956 1625 4019 Biblio-

894 4038 993 4101 thecis
1007 4043 1130 4103 l’atrum
1145 4044 1367 4109 Parieiensibus
1383 4050 1622 4131 recentioribus,
1726 4108 1729 4115 .

895 4130 1066 4196 coloniensi
1083 4142 1115 4196 et
1133 4137 1326 4217 lugdunensi
1352 4159 1391 4203 ex
1408 4143 1558 4206 Sirmondl
1575 4162 1623 4207 re-

894 4228 1050 4304 censione,
1074 4227 1128 4291 sed
1146 4231 1226 4292 notis
1242 4231 1311 4311 ejus
1326 4235 1458 4297 omissis.
1477 4238 1622 4300 Versibus

895 4322 1007 4400 scripta
1034 4329 1126 4385 sunt:
1152 4324 1235 4387 xxi.
1263 4327 1444 4390 carminum
1466 4330 1561 4408 iiber,
1590 4334 1621 4393 in

895 4432 955 4495 quo
980 4416 1172 4481 itinerarium
1196 4422 1397 4502 Brigantionis
1423 4425 1564 4502 casteiii3
1585 4432 1621 4500 et

896 4509 1002 4588 hymni
1019 4514 1095 4572 varii
1111 4530 1147 4574 ae
1169 4514 1295 4576 landes:
1311 4523 1377 4578 tum
1405 4519 1494 4580 Liber
1518 4518 1624 4601 443443·

892 4603 1036 4685 phiram
1051 4613 1144 4685 atque
1154 4608 1420 4688 Epigrammotum
1435 4613 1505 4675 cii.
1516 4617 1624 4679 caete·

938 4875 964 4941 a)
980 4877 1157 4943 Apponieemc
1167 4881 1192 4929 ln
1206 4880 1342 4942 Aquitania
1355 4881 1626 4945 ealitmsnohrehte-

892 4953 956 5014 pise.
973 4952 1106 5015 liurdegal.
1494 4948 1497 4955 '

911 5102 918 5152 Ι
938 5026 967 5089 4))
983 5029 1090 5078 ioannis
1106 5028 1193 5084 aoth.
1206 5028 1307 5083 clearil
1316 5031 1451 5082 biblioth.
1465 5033 1662 5091 scriptoram·

895 5115 956 5155 ees.
973 5115 1036 5169 pag.
1054 5107 1116 5158 444.
