3464 5318
720 313 908 375 bitoito
1500 320 1559 383 479

64 414 201 493 Epistola
226 417 301 475 niori
329 416 370 476 ad
390 417 548 478 Tdcodonis
569 417 659 481 Villae
678 419 783 480 Carrei·
840 419 1075 492 BenedictinuS,
1094 409 1215 497 scripsit
1233 422 1328 483 Vitam
1349 427 1379 485 S.
1399 424 1516 488 ii'inoci
1531 434 1561 488 et

65 507 138 567 lisam
156 507 306 569 adversus
324 508 415 572 libros
431 509 593 572 Amalorii.
837 512 873 574 de
890 514 955 592 ejus
981 510 1161 587 miraculis,
1180 531 1240 591 quo
1257 517 1286 573 in
1318 516 1391 578 iibro
1413 519 1561 598 Drogouis

94 604 132 683 .⁵·
158 601 271 663 Cornua
284 603 433 665 Iohannis
449 603 533 667 Scoti
548 621 692 666 errorreas
712 603 784 684 dea·
836 608 975 686 Episcopi
1000 611 1145 684 tanquam
1161 603 1279 668 diversi
1300 626 1317 669 4
1344 625 1377 669 se
1394 612 1552 688 meminit,

63 693 215 769 ditiones,
244 698 297 773 qui
329 699 450 775 scripsit
478 699 598 758 nomine
628 698 783 760 Ecclesiae
838 699 931 761 edidit
946 699 1133 760 illabilionius
1151 700 1225 759 Sacc
1247 703 1274 761 3.
1293 701 1477 763 Benedictio.
1492 720 1559 782 pag.

65 788 278 866 Lugdunensis
294 836 301 862 ,
320 792 349 849 in
371 790 495 852 Gilberti
519 793 668 870 Mangvini
687 790 785 851 vindi·
840 793 908 854 340.
935 791 1101 853 Historiam
1128 790 1338 853 translatiom's
1363 795 1393 855 S.
1420 795 1560 859 4040444οο

64 885 120 941 ciis
136 884 256 943 Gratiae
273 891 304 941 et
322 876 607 945 Praedestinationis
621 903 659 946 ex
672 884 785 947 saeculi
839 885 955 962 Arrgiae
971 885 1001 943 in
1015 887 1230 945 monasterium
1248 888 1396 962 bergense
1416 887 1498 949 iibris
1512 890 1538 951 11
1552 935 1561 964 ,

64 979 136 1037 ueni
169 976 364 1053 scriptoribus
391 984 464 1038 tom.
493 981 520 1039 4.
548 995 614 1056 pag.
641 976 784 1041 tta-738.
840 977 876 1039 ad
899 977 1043 1039 Abbatem
1070 977 1253 1038 Rumoldum
1281 979 1336 1039 dn.
1366 982 1561 1060 coaequam

64 1072 186 1130 Parisiis
206 1071 304 1143 4650,
328 1071 354 1128 4.
372 1078 403 1130 et
419 1079 489 1130 tom.
509 1072 572 1131 xV.
585 1071 785 1131 Bibliothecae
841 1079 908 1151 post
941 1072 1143 1135 Mabiiionium
1174 1071 1284 1131 dedere
1308 1072 1563 1152 dntwerpienses

64 1166 188 1224 Petrum
205 1162 275 1222 edit.
291 1164 484 1241 Lugdunens.
506 1182 572 1241 pag.
603 1166 655 1225 644
683 1163 788 1223 viden·
843 1167 872 1224 in
892 1166 977 1226 Actis
992 1168 1172 1227 Sanctorum
1188 1166 1236 1225 44.
1255 1166 1335 1237 iulii,
1353 1173 1426 1226 tom.
1446 1169 1478 1227 V.
1495 1186 1562 1247 pag.

63 1258 137 1317 dum
151 1250 279 1317 tueritne
294 1257 372 1317 alius
386 1274 404 1317 a
419 1266 521 1318 nostro
535 1258 684 1319 FLORUS
699 1255 786 1316 44444-
842 1261 910 1320 643.
930 1259 1025 1318 Vitam
1039 1259 1068 1320 S.
1089 1255 1242 1320 easwaldi
1266 1259 1513 1334 Nerthumbriae,
1533 1263 1561 1321 iu

63 1349 229 1410 nanetus
242 1349 431 1424 antinno,
448 1350 616 1430 Episcopus
640 1348 786 1411 Tricassi-
840 1352 944 1429 dngiia
961 1354 1070 1428 Regis,
1092 1359 1123 1413 et
1137 1350 1174 1411 de
1191 1350 1297 1413 eedem
1313 1354 1471 1414 Sermones
1485 1352 1562 1415 duos

63 1457 141 1515 nus,
154 1441 244 1518 cujus
260 1448 292 1502 et
308 1445 386 1506 aliae
403 1451 527 1504 exstant
544 1443 694 1505 adversus
711 1459 784 1504 eun·
840 1446 948 1506 MStos.
964 1447 1007 1504 iio
1033 1445 1178 1506 Oswaido
1202 1445 1250 1504 iiio
1267 1444 1375 1507 Surius
1393 1446 1429 1505 ad
1447 1447 1482 1506 V.
1500 1446 1562 1511 Au·

64 1535 135 1595 dem
154 1536 276 1595 Scotnm
294 1537 517 1598 lucubrationes
531 1536 688 1598 abeodem
707 1538 786 1597 Man·
839 1538 918 1615 gusti
936 1556 972 1597 ex
994 1537 1090 1598 tardae
1108 1539 1182 1599 libre
1199 1541 1225 1599 3.
1245 1538 1387 1600 historiae
1412 1540 1565 1600 Ecclesia-

65 1629 156 1705 guino
191 1627 298 1687 editae.
332 1629 406 1690 Vide
433 1632 544 1706 etiam,
568 1647 646 1708 quae
680 1636 785 1691 contra
841 1632 933 1690 stione
950 1630 1126 1706 Arrgiorum.

67 1724 250 1781 sententiam
278 1722 363 1781 Floro
394 1732 497 1783 nostro
535 1726 680 1802 scriptum
711 1721 786 1783 illud
880 1722 1563 1800 0400064044440564404044440404044406444,

66 1815 251 1875 tribuentem
271 1815 416 1876 disseruit
441 1818 651 1877 Menetrierius
668 1818 697 1875 in
721 1832 786 1876 me·
840 1821 931 1891 atque
944 1813 1566 1895 indeMorinorumEpiscopuslioloniensis

67 1912 171 1969 mosiis
185 1911 338 1970 litterariis
356 1911 539 1971 Trevoltinis
555 1909 612 1970 Aa.
628 1909 707 1970 4705
720 1926 785 1986 pag.
841 1908 994 1967 Teruauae
1005 1907 1315 1983 siveTEiiVANAEa)
1327 1911 1364 1969 ab
1376 1910 1514 1971 444034
1526 1911 1564 1971 ad

67 2003 149 2076 344,
172 2019 256 2078 seqq.
842 1998 921 2059 4078
937 2002 1058 2077 scripsit
1077 2000 1172 2061 Vitam
1190 2003 1222 2062 S.
1237 2000 1417 2075 Godelevae,
1435 2002 1565 2081 Virpinis

110 2093 293 2153 enitentes
319 2095 408 2155 etiam
441 2095 619 2154 vetustioris
652 2095 786 2168 utoni,
843 2096 873 2151 et
887 2093 944 2152 nn.
961 2093 1047 2153 4070.
1064 2094 1211 2171 dinrtpris
1229 2095 1265 2154 ad
1283 2094 1476 2169 Ratboldum,
1494 2096 1565 2174 Epi-

64 2186 201 2248 bionachi
234 2188 263 2247 S.
293 2186 460 2262 Trudonis,
482 2187 606 2249 Ordinis
634 2187 787 2248 Benedict.
844 2187 1563 2263 scopumNoviomensemetTornaoensem.lianc

67 2281 215 2340 dioecesis
241 2279 451 2355 Leodicensis,
475 2283 555 2341 eirca
582 2280 705 2341 Annum
729 2280 787 2340 760
844 2280 1057 2355 sinceriorem,
1079 2281 1170 2357 quam
1189 2281 1351 2342 Suriusad
1369 2282 1387 2339 6
1405 2282 1463 2342 lul.
1481 2280 1566 2342 dedit

67 2375 139 2433 cieri
161 2380 234 2433 sunt
251 2372 461 2434 Additamento
480 2373 522 2434 ad
537 2372 789 2453 iiartprolopium
844 2370 997 2430 iohannes
1015 2374 1148 2449 Baptista
1167 2372 1311 2437 Solierius
1333 2375 1363 2433 in
1384 2373 1469 2434 Actis
1490 2375 1566 2435 Sau-

68 2465 168 2527 Bedae
184 2484 253 2526 cnm
273 2467 320 2526 iiio
338 2468 460 2544 vulgata
477 2467 515 2527 ab
540 2467 730 2528 Henschenio
759 2469 788 2526 in
846 2471 964 2527 ctorem
981 2472 1053 2525 tom.
1073 2467 1102 2525 2.
1124 2467 1195 2526 iulii
1217 2485 1281 2545 pag.
1302 2468 1359 2527 cet
1374 2483 1444 2529 cum
1464 2469 1567 2540 notis,

68 2561 153 2620 Actis
180 2560 359 2621 Sanctorum
386 2568 456 2621 ante
485 2569 602 2622 tomum
620 2561 791 2623 seeundum
846 2556 1009 2635 subjuncta
1025 2561 1116 2619 etiam
1129 2576 1195 2638 pag.
1209 2561 1278 2623 409.
1289 2562 1415 2622 Susiana
1427 2560 1567 2621 editione.

70 2656 186 2728 Martii,
203 2662 234 2712 et
259 2655 424 2714 novissime
452 2672 524 2716 cum
544 2654 642 2715 Bedae
668 2654 792 2715 historia
865 2654 1200 2715 DROGOonMonaeho
1215 2655 1570 2717 Benedictinoiionaste·

70 2748 283 2809 Ecclesiastico
305 2749 405 2827 gentis
432 2747 610 2826 Anglorum
625 2765 665 2810 ex
689 2765 795 2809 recen·
846 2747 880 2804 rii
895 2733 1040 2806 Nicasiani
1055 2746 1132 2824 apud
1158 2748 1328 2808 Remenses
1345 2749 1445 2809 Priore
1461 2754 1493 2808 et
1509 2745 1570 2808 Ab·

72 2844 157 2903 sione
185 2843 311 2901 ioannis
328 2842 441 2919 Smith,
462 2841 792 2922 cantabrigiaeiiltt,
846 2837 915 2899 bate
939 2839 1131 2900 Laudunensi
1159 2841 1327 2919 Episcopus
1365 2840 1508 2903 Ostiemis
1538 2846 1570 2900 et

72 2935 122 2997 404.
133 2934 218 2997 Adde
232 2932 371 2997 Carolum
383 2936 489 2997 Cointe
500 2941 572 2997 tom.
587 2936 614 2994 4.
629 2934 791 2997 Annalium
847 2931 1012 2994 Cardinaiis
1031 2933 1068 2993 ab
1082 2932 1139 2993 Aa.
1160 2935 1238 2994 4430
1252 2934 1289 2994 ad
1307 2936 1385 2997 4438
1403 2933 1570 3014 scripsitda

70 3032 255 3091 Francorum
273 3046 338 3108 pag.
358 3029 415 3090 470
432 3045 518 3106 ,sea
847 3026 1042 3085 Sacramenta
1070 3025 1249 3087 Dominicae
1266 3028 1421 3089 Passionis
1442 3028 1571 3103 librum,

114 3120 793 3200 *Adiecitetiamelegiacosquosdamversus
848 3119 914 3178 sive
929 3135 1102 3180 sermonem
1131 3119 1254 3181 obvium
1276 3123 1306 3178 in
1330 3120 1572 3198 Orttrodoxogra·

73 3221 104 3279 in
123 3218 205 3278 calce
222 3216 380 3278 cuiusdam
399 3217 512 3276 veteris
535 3214 746 3276 commentarii
762 3213 792 3270 in
848 3211 916 3289 phis
934 3214 1091 3289 utrisque,
1120 3214 1198 3272 etin
1221 3213 1414 3275 Bibliothecis
1426 3215 1569 3275 Petrum.

71 3312 210 3373 Psalmos
229 3312 281 3388 qui
300 3312 330 3370 in
353 3310 455 3371 codice
473 3309 555 3369 mille
572 3322 719 3367 annorum
734 3304 793 3366 MS.
854 3306 883 3363 in
896 3307 1059 3365 novissima
1075 3312 1178 3367 autem
1194 3306 1391 3382 Lugdunensi
1403 3312 1474 3367 tom.
1489 3305 1571 3379 xxi,

71 3408 103 3467 in
126 3405 264 3466 Biblioth.
281 3402 498 3466 Mediolanensi
515 3400 715 3461 Ambrosiana
731 3413 795 3457 ser·
850 3397 918 3457 huic
939 3397 1136 3476 subjungitur
1154 3416 1220 3478 pag.
1240 3398 1294 3461 344
1322 3399 1396 3460 liber
1426 3399 1462 3460 do
1485 3415 1571 3461 cree—

69 3504 173 3562 vatur.
191 3499 322 3562 Carmen
339 3497 396 3557 hoc
412 3495 509 3556 edens
529 3495 710 3557 Muratorius
733 3492 795 3553 dn·
850 3489 926 3551 tione
953 3497 982 3552 et
1003 3491 1173 3553 redemtione
1194 3492 1289 3571 primi
1318 3492 1444 3554 dominis
1469 3492 1571 3553 editus

70 3595 128 3672 tiq.
146 3600 218 3653 tom.
237 3593 288 3652 ill.
305 3608 370 3670 pag.
388 3590 447 3650 856
465 3590 496 3648 in
511 3605 547 3648 ea
571 3594 619 3648 est
634 3586 773 3665 opinione
783 3629 794 3660 ,
850 3586 982 3663 primum
1000 3586 1056 3647 sn.
1070 3587 1148 3647 4620
1164 3604 1180 3646 0
1194 3589 1276 3649 44840
1288 3586 1397 3648 Codice
1412 3586 1573 3647 Bibliothe-

69 3689 141 3749 eius
158 3692 315 3748 auctorem
334 3687 433 3763 ipsum
462 3697 531 3745 esse
558 3680 795 3759 Lugdunensem
849 3695 902 3739 cae
916 3679 1076 3739 Einensis:
1094 3695 1149 3738 nec
1164 3696 1224 3739 non
1249 3698 1314 3758 pag.
1334 3681 1392 3740 344
1416 3677 1453 3739 de
1479 3678 1570 3758 septi-

69 3784 240 3846 Diaoonum
257 3779 368 3840 saeculi
387 3777 435 3837 sui
452 3777 673 3852 inmanesque
691 3779 794 3833 tamen
831 3770 942 3851 ¹sormi
953 3777 1046 3850 prata
1061 3770 1195 3852 Spiritus
1210 3774 1315 3834 Sancti
1329 3791 1366 3833 ac
1381 3772 1418 3833 de
1436 3773 1568 3834 Baalim-

69 3875 193 3939 dubitat
204 3872 490 3935 commentariorum
504 3870 621 3930 illorum
636 3865 795 3929 authorem
849 3863 990 3940 dinibus,
1007 3872 1038 3924 ct
1052 3883 1118 3944 pag.
1146 3867 1204 3926 346
1231 3865 1267 3926 de
1290 3865 1408 3927 Divinis
1432 3864 1563 3948 Officiis,

68 3971 135 4034 aS.
147 3969 338 4044 Hieronymo,
350 3967 438 4027 cuius
456 3979 566 4024 nomen
585 3959 693 4021 ibidem
711 3975 797 4039 prae·
852 3975 909 4019 seu
922 3956 1004 4018 loris
1026 3958 1196 4027 canonicis.

70 4067 135 4129 tert
151 4063 239 4141 longe
256 4076 325 4120 esse
342 4058 510 4118 diversum.
529 4055 662 4116 Porroin
679 4069 795 4114 eocar-
888 4050 1102 4113 DRUSIANUS
1129 4053 1191 4128 (404
1228 4067 1283 4111 sou
1317 4053 1416 4128 potius
1440 4052 1568 4113 nunni·
1681 4120 1684 4127 ⁴

70 4155 205 4221 minead
220 4151 384 4215 Eloardum
396 4150 544 4212 Abbatem
562 4148 795 4209 directoFIorus
850 4143 1005 4220 sinsus)
1037 4144 1218 4220 (Trithemio
1245 4160 1312 4204 can.
1337 4145 1406 4204 643.
1446 4143 1573 4205 Crusin-

70 4250 266 4315 recensuisse
277 4264 310 4306 se
324 4244 576 4305 commentarium
588 4243 671 4303 illum
684 4247 795 4303 narrat.
850 4253 932 4312 rsus,
960 4238 1027 4300 aliis
1053 4237 1247 4311 Gratianus,
1276 4236 1418 4298 Merkiino
1445 4236 1572 4297 Turrin-

69 4343 224 4411 Eamdem
235 4340 522 4402 commentationem
533 4355 572 4398 en
586 4337 732 4398 Elonensi
742 4337 799 4398 Go-
850 4346 908 4390 nus
924 4328 960 4390 de
993 4330 1164 4405 Terrenis,
1188 4332 1267 4392 iulio
1292 4332 1381 4409 Nigro
1401 4328 1569 4392 Trasianns

66 4440 146 4502 dice
163 4436 219 4497 sibi
236 4443 338 4495 notam
356 4431 454 4493 eidem
487 4432 572 4492 Fioro
598 4430 740 4493 Uenerius
767 4429 797 4489 in
852 4423 1032 4485 Rusticelius
1064 4422 1223 4501 Valerius)
1255 4424 1389 4485 Thaddei
1408 4424 1574 4483 Florentini

70 4536 183 4597 histor.
203 4527 366 4591 Gothesch.
394 4533 425 4587 et
452 4526 574 4586 caveus
602 4522 797 4596 adscribant,
851 4517 954 4579 4404404
980 4518 1109 4580 celebris
1131 4520 1191 4596 (qui
1214 4519 1269 4579 dn.
1301 4518 1387 4578 tate.
1411 4516 1573 4589 lionorium

72 4626 132 4691 sed
151 4643 190 4687 ex
207 4625 341 4685 carmine
357 4639 374 4684 4
389 4620 549 4684 4444440440
567 4616 662 4679 relato
679 4616 798 4677 nulium
852 4617 994 4687 quadum
1014 4614 1141 4686 curavit)
1170 4611 1356 4689 disciputus,
1383 4610 1574 4671 Florentiam

72 4721 159 4786 aliud
187 4719 225 4780 ab
246 4733 281 4777 eo
308 4733 420 4778 munus
447 4714 627 4794 praestitum
652 4708 799 4771 discimus
852 4709 884 4763 ot
913 4705 998 4782 ipse,
1025 4711 1116 4782 atque
1148 4705 1225 4764 inter
1254 4703 1383 4766 iiedicos
1409 4699 1573 4783 plusquam

71 4831 169 4896 quem
184 4813 369 4874 correctoris.
384 4811 545 4872 Caeterum
562 4810 595 4866 et
611 4805 676 4883 ipse
693 4802 799 4864 Florus

74 4911 262 4984 Hiemnlnm
282 4904 435 4964 Vindlfflm
452 4916 529 4981 opus
547 4896 620 4959 mad
638 4896 724 4958 visus
740 4903 798 4956 effi·
894 4931 920 4989 n)
930 4931 991 4982 Vide
1000 4931 1204 4981 sorremnrtlmnos
1214 4935 1307 4983 sosine.
1317 4932 1410 4983 6044444
1419 4931 1584 4981 Christianae

119 4999 247 5062 44440440
262 4998 423 5060 terracinus
437 4993 598 5066 nereensis
615 4993 644 5049 in
660 4987 797 5050 Fiandria
850 5019 907 5069 pap,
921 5006 977 5055 444,
