3458 5332
210 338 270 400 394
815 331 1100 397 cursurus

209 447 342 507 14444444
363 459 438 505 usus
458 448 506 502 est
521 446 733 518 praeceptore,
749 456 841 517 quem
863 439 933 500 vide
987 458 1038 502 res
1060 440 1229 520 interpolati
1253 439 1344 501 etad
1371 439 1446 500 illud
1472 445 1594 520 tempus
1617 447 1698 504 conti

212 543 255 601 sis
272 539 320 600 lib.
337 539 359 598 1.
378 537 472 614 Epist.
489 534 538 593 Vl.
988 537 1072 596 nnati
1089 534 1128 596 ab
1143 533 1311 599 mortio
1322 530 1555 614 Snolrcnburpio
1567 537 1697 599 lionacbo

255 631 400 694 PETRUS
434 626 552 690 1144414
585 627 773 689 contarenus
805 629 934 706 scriptor
986 627 1161 706 corbejensi
1177 635 1209 689 et
1225 627 1333 689 deinde
1349 627 1556 688 liersieldensi
1571 629 1697 692 defuncto

114 791 119 801 ,
210 722 386 804 Compendii
400 723 532 796 Politici,
547 727 579 782 et
593 724 668 782 artis
684 723 841 797 militaris,
855 739 934 798 quae
986 721 1045 784 44.
1063 720 1151 784 1476.
1168 721 1242 783 Vide
1264 722 1390 783 illustris
1407 723 1566 783 Leibnitzii
1580 726 1697 804 prologo

211 828 336 895 utraque
358 815 493 899 prodiere
519 816 621 877 italice
642 816 777 876 venetiis
802 815 875 876 4604
901 821 933 875 et
987 832 1077 876 mena
1110 814 1148 876 ad
1178 823 1306 877 tommo
1328 814 1499 878 secundum
1531 820 1694 897 scriptomn

211 914 289 975 4602
311 917 439 989 utraque
467 910 553 970 obvia
575 911 606 968 in
626 908 810 970 Bibliotheca
829 908 935 970 Bodle-
988 912 1279 971 Brunsvincensium
1297 927 1380 972 num.
1397 911 1494 972 XXV.
1516 913 1634 973 Primus
1649 913 1694 975 lin

211 1011 285 1068 iana.
988 1004 1073 1064 nales
1090 1004 1157 1064 illos
1173 1005 1311 1083 vulgavit
1324 1003 1521 1066 Christianus
1535 1003 1692 1071 Freinciscus

251 1099 366 1161 SiliON
384 1096 590 1172 contarenus,
608 1098 837 1158 ProcuratorS.
859 1100 935 1159 llar-
987 1088 1106 1158 Paulini
1126 1099 1156 1157 44
1178 1115 1279 1159 rerum
1300 1104 1332 1157 et
1351 1098 1571 1175 antiquitatum
1590 1101 1691 1164 Germa

207 1196 255 1270 ci,
273 1192 437 1253 defunctus
452 1190 540 1252 Anno
555 1191 633 1252 4633
647 1191 736 1268 cujus
752 1192 866 1269 aliquot
882 1206 936 1251 vo-
988 1191 1124 1252 nicerum
1142 1197 1354 1270 syntagmate,
1371 1192 1508 1252 Francoi.
1527 1194 1688 1266 4698,144

210 1288 323 1349 lumina
337 1286 621 1346 commentariorum
636 1283 674 1345 de
688 1285 886 1363 legationibus
896 1283 934 1344 ab
987 1289 1056 1361 post
1071 1301 1142 1345 eum
1158 1283 1300 1346 laudatus
1314 1284 1483 1346 Leibnitius
1499 1292 1573 1347 tom
1587 1289 1680 1349 114
1621 1307 1684 1368 ,444

207 1384 272 1460 ipso
288 1397 358 1441 cum
373 1377 461 1440 laude
475 1378 564 1439 obitis
578 1378 658 1457 apud
671 1380 805 1440 Venetos
818 1378 933 1438 servari
987 1375 1137 1437 296-340.

210 1481 296 1535 notat
309 1474 439 1536 lacobus
449 1473 604 1552 Philippus
614 1472 836 1534 Thomesinus'
829 1489 859 1531 44
875 1472 936 1532 eio-
1026 1469 1116 1531 Aliud
1134 1469 1302 1533 chronicon
1318 1469 1409 1533 breve
1424 1470 1606 1554 corbejense
1619 1475 1649 1534 ab
1659 1473 1681 1535 1.

209 1570 267 1647 giis
280 1567 495 1647 posterioribus
507 1567 563 1627 44.
575 1568 654 1628 4644
664 1611 672 1641 ,
683 1566 773 1626 editis
783 1582 850 1645 pag.
863 1565 933 1626 282.
988 1563 1084 1625 822·
1060 1581 1125 1626 srvc
1136 1568 1395 1626 enumerationem
1407 1565 1562 1628 hbbatum
1573 1568 1682 1628 fratrum

248 1661 400 1722 71104148
419 1661 623 1737 contarenus,
640 1677 731 1739 quem
747 1658 785 1720 de
800 1659 933 1720 humana
987 1675 1046 1736 que
1067 1675 1166 1737 usqne
1186 1658 1223 1720 ad
1245 1659 1456 1721 Wickboldum
1473 1660 1630 1736 Abbatem,
1645 1664 1679 1740 qui

209 1756 425 1834 tranquillitate
442 1755 622 1833 scripsisse,
639 1754 713 1814 libro
726 1750 932 1815 1144444444.
986 1748 1044 1811 An.
1062 1752 1141 1814 4117
1160 1752 1342 1832 expeditioni
1364 1761 1471 1815 contra
1492 1755 1611 1830 814444,
1626 1756 1679 1817 044

304 1893 311 1924 ι
369 1851 373 1861 ·
419 1895 426 1924 ι
749 1892 757 1906 .
988 1846 1075 1905 tritos
1088 1852 1120 1906 et
1134 1847 1265 1906 Luticios
1280 1847 1433 1920 interfuit,
1446 1846 1563 1909 editum
1575 1865 1678 1910 cunno

250 1943 481 2005 VINCEh'TlUS
496 1940 684 2004 contarenus
698 1943 813 2001 liureto
827 1942 857 2001 in
873 1941 934 2001 elo-
986 1938 1027 1997 tis
1040 1938 1078 1998 ab
1091 1940 1218 2000 Henrico
1231 1939 1387 2000 lleibomio
1400 1947 1475 2001 tom.
1492 1943 1504 2003 1
1518 1961 1563 2022 ,4.
1576 1941 1676 2003 743764

210 2040 333 2117 quentia
348 2038 488 2116 Magistro
503 2053 579 2098 usus
592 2035 802 2111 ,humaniores
817 2035 933 2096 litteras
986 2029 1156 2109 subjunctis
1173 2034 1252 2092 notis
1272 2049 1338 2111 pag.
1356 2032 1436 2108 748,
1455 2051 1521 2114 seq.
1542 2042 1571 2097 et
1590 2034 1674 2096 titania

208 2131 310 2192 docuit
323 2131 456 2207 Patavii,
473 2136 504 2191 et
521 2129 612 2190 rebus
631 2127 772 2189 humanis
789 2128 935 2188 valedixit
985 2127 1081 2186 veteri
1099 2125 1270 2203 Corbejensi
1286 2143 1353 2206 pag.
1370 2125 1441 2189 762.

207 2224 265 2286 44.
292 2223 379 2285 4647.
401 2223 439 2283 414
464 2239 524 2300 quo
552 2222 752 2283 Thomasinns
772 2224 801 2281 in
829 2222 933 2302 elogiis
1026 2220 1136 2281 Petrus
1152 2219 1189 2280 de
1204 2220 1410 2297 COiiliOLlO,
1429 2240 1468 2285 ex
1486 2224 1623 2286 Canonico
1637 2222 1674 2281 44
1713 2232 1716 2238 ·

207 2317 427 2398 posterioribus
447 2333 512 2395 pag.
532 2315 599 2377 479.
615 2317 762 2377 Martinus
782 2315 933 2377 lianclrius
986 2316 1103 2374 risiensi
1121 2316 1348 2376 Cameracensis
1367 2317 1540 2397 Episcopus
1555 2325 1584 2379 et
1598 2314 1675 2379 deinde

206 2410 282 2472 libro
299 2414 319 2472 2
337 2411 374 2471 04
392 2412 593 2470 Romanarum
615 2426 717 2469 rerum
739 2410 938 2489 scriptoribus·
986 2408 1024 2470 ab
1037 2407 1124 2468 4444
1139 2409 1216 2470 4200
1230 2407 1267 2470 441
1286 2409 1374 2471 4222.
1388 2409 1677 2492 ArchiepiscopusSc

205 2523 271 2584 cap
287 2504 325 2564 ta
339 2521 423 2582 ,444
441 2500 494 2563 474
513 2518 594 2578 ,.seq
608 2506 639 2561 et
653 2502 791 2563 Nicolaus
804 2504 932 2565 (144444-
985 2505 1138 2563 nonensis.
1164 2505 1285 2564 Praeter
1311 2506 1468 2566 Summum
1497 2505 1677 2584 Quantosne

206 2614 265 2659 nus
282 2595 487 2675 Papadopoli'
480 2613 509 2654 44
529 2596 657 2656 Historia
670 2595 829 2674 Gymnasn
847 2598 932 2657 Pata-
987 2594 1246 2676 Theolopicorum,
1265 2616 1357 2676 quam
1379 2601 1440 2661 148.
1461 2602 1576 2662 evolvit
1591 2604 1676 2662 14444

205 2693 269 2751 vini
286 2708 351 2770 pag
371 2689 514 2750 3481144
536 2695 583 2749 444
595 2691 670 2767 ,qui
693 2695 811 2767 praeter
826 2707 930 2751 corrn-
981 2688 1052 2767 jus,
1074 2693 1195 2770 scripsit
1216 2692 1519 2754 commentorium
1506 2713 1536 2754 en
1556 2692 1676 2763 Psnlnor,

205 2801 275 2844 rum
293 2756 459 2844 lectionum
470 2780 604 2856 librum,
626 2781 760 2844 Venetiis
782 2782 879 2858 4606,
902 2785 928 2843 4.
982 2782 1057 2845 Vide
1074 2802 1151 2863 quae
1168 2786 1307 2848 Oudinus
1323 2793 1397 2848 tom.
1415 2790 1477 2869 iil,
1494 2807 1560 2869 pag.
1577 2789 1619 2849 33.
1632 2799 1676 2860 444

209 2877 325 2939 editum
342 2876 481 2955 vulgavit
501 2875 635 2937 eruditos
655 2874 691 2935 de
710 2891 745 2935 re
763 2873 930 2956 frumento
983 2893 1021 2938 ex
1038 2878 1276 2941 sammarthanis
1292 2888 1364 2940 tom.
1384 2882 1405 2942 1.
1427 2881 1542 2944 Galliae
1563 2879 1679 2945 (1444404

206 2970 257 3032 riu
277 2978 308 3032 et
328 2970 365 3031 dc
384 2969 514 3032 militari
532 2973 735 3055 Romanorum
763 2967 927 3048 stipendio,
984 2988 1040 3031 nae
1056 2987 1121 3050 pag.
1139 2973 1197 3033 635
1213 2978 1245 3033 et
1261 2975 1372 3036 Bulaeo
1389 2982 1463 3035 tom.
1483 2977 1522 3038 lV
1538 2983 1570 3037 et
1582 2977 1613 3036 V.
1627 2974 1677 3033 hist

206 3069 457 3142 commentarios,
475 3067 505 3125 in
523 3063 634 3143 quibus
652 3065 786 3144 Lipsium
806 3080 865 3124 non
883 3080 930 3124 ra-
982 3062 1160 3126 Academiae
1182 3068 1358 3128 Parisiensis
1380 3086 1450 3150 pag.
1470 3073 1541 3133 406.
1561 3072 1604 3133 Ex
1622 3069 1679 3128 11444

209 3177 243 3221 ro
261 3161 380 3240 supplet
397 3167 429 3221 et
444 3158 595 3220 emendat.
615 3156 726 3219 ibidem
743 3158 839 3232 4609,
855 3157 882 3217 4.
898 3162 930 3217 et
983 3158 1035 3218 rici
1055 3157 1263 3221 (landavensis
1283 3178 1348 3241 cap.
1372 3163 1411 3223 33
1439 3163 1478 3224 de
1505 3160 1677 3244 Sonpnrtbus

207 3257 237 3314 44
255 3255 400 3316 Thesauri
417 3253 577 3315 Graeviaui
595 3257 667 3312 tom.
683 3253 747 3313 Vill
765 3249 931 3312 44141144-
981 3251 1097 3315 Eccles.
1119 3251 1195 3313 adde
1215 3255 1346 3316 eundem
1369 3257 1595 3319 Corholiensem
1613 3257 1679 3317 etian

204 3346 273 3426 pilii
292 3347 424 3409 laudatio
444 3347 501 3408 44.
525 3345 602 3407 4593
623 3345 681 3405 418.
710 3345 823 3406 Ρ444444
851 3350 929 3404 teste
983 3349 1076 3405 totum
1085 3344 1257 3426 Apostolum
1272 3350 1456 3430 exposuisse
1471 3349 1682 3413 subiliterctcn

208 3443 391 3503 Thomnsino
412 3459 478 3521 pag.
501 3439 549 3500 77.
621 3499 626 3510 ,
979 3440 1082 3520 piosc,
1100 3441 1246 3521 oppositis
1259 3445 1314 3506 SS.
1332 3447 1465 3505 Petrum
1481 3439 1684 3520 444444444444,14μ

248 3533 394 3595 liebertus
415 3534 588 3608 CONTON,
610 3533 706 3608 inira,
727 3532 889 3595 COUTON.
982 3532 1025 3593 eis
1046 3531 1173 3612 singulos
1194 3535 1446 3598 convenientibus.
1547 3599 1550 3605 ,

248 3626 434 3688 COPlililUS
447 3628 606 3704 Magister,
621 3628 748 3706 scriptor
761 3643 867 3686 rerunt
883 3623 930 3688 Vi·
1021 3625 1122 3688 AElr'us
1137 3629 1247 3691 lunius
1265 3633 1291 3707 a)
1311 3631 1464 3694 cotibus
1477 3636 1555 3713 ,qui
1578 3629 1686 3695 11444444

209 3721 395 3781 centincrum
417 3737 476 3780 non
498 3737 536 3781 ex
557 3720 613 3781 alio
635 3727 726 3782 notus
746 3721 927 3800 mihiquem
982 3736 1088 3782 norum
1105 3729 1136 3782 et
1151 3722 1369 3786 Gordianorum
1385 3728 1593 3832 temporibus,
1604 3728 1686 3804 singn

209 3834 247 3878 ex
268 3817 389 3896 Gangis.
981 3813 1035 3875 lari
1061 3815 1185 3875 homo‘
1177 3806 1296 3895 ingenio
1322 3836 1382 3879 nnn
1409 3821 1465 3880 4444
1496 3821 1685 3883 obscuriorum

247 3910 265 3947 ⁴
284 3911 442 3972 linratorio
462 3911 571 3969 teste
563 3927 593 3970 44
615 3911 798 3989 praefatione
815 3909 852 3972 ad
870 3910 928 3970 ira·
981 3907 1193 4006 imperatorem
1207 3913 1287 3971 vitas
1302 3911 1422 3974 tradere
1434 3915 1506 3974 4444
1522 3914 1574 3975 444
1592 3917 1686 3975 minuta

208 4011 331 4082 gmenta
356 4006 502 4065 Historiae
530 4005 704 4066 vicentinae
721 4004 854 4067 Goniorti
870 4005 928 4064 Pu·
980 4017 1015 4062 ac
1036 3994 1141 4064 frivola
1157 4003 1194 4064 ad
1213 4005 1352 4066 labellum
1380 4024 1480 4086 usque
1506 4009 1643 4088 persequi
1665 4009 1688 4063 et

209 4099 273 4160 licis
289 4101 355 4159 her.
373 4099 560 4178 1444844444.
578 4104 650 4159 tom.
668 4100 747 4161 lilii.
762 4116 827 4179 pag.
847 4098 925 4160 1234
980 4095 1151 4174 voluptates
1172 4096 1354 4161 domesticas
1380 4101 1563 4181 iniimasque
1579 4110 1624 4164 444
1647 4100 1688 4160 444

208 4194 249 4254 4114
267 4210 373 4254 omnes
389 4195 499 4272 quibus
513 4194 631 4272 Coperii
649 4193 740 4254 huius
758 4208 865 4252 nomen
882 4192 927 4250 in·
979 4190 1023 4249 xit
1045 4207 1153 4269 operae
1175 4195 1333 4271 praetium.
1351 4194 1425 4256 Vide
1453 4215 1533 4275 quae
1554 4215 1617 4277 pag.
1636 4193 1687 4257 173

209 4291 316 4360 444444,
328 4288 438 4348 debent
456 4288 483 4348 id
500 4290 607 4349 Jcanni
621 4288 774 4365 Baptistae
789 4284 925 4362 Pajarino
979 4285 1105 4347 Vossius
1126 4304 1163 4348 ex
1188 4288 1258 4348 lulii
1274 4289 1431 4368 Capitolini
1450 4293 1621 4352 iiaximinis
1638 4305 1687 4367 cap.

208 4384 260 4460 qui
277 4382 435 4442 ilistoriam
454 4382 641 4442 Vicentinam
657 4379 806 4440 scribebat
817 4395 925 4439 verna·
981 4379 1016 4454 i,
1038 4380 1070 4455 6,
1089 4381 1137 4442 12.
1154 4383 1314 4442 1144444444
1323 4381 1442 4460 juniore
1459 4402 1525 4464 cap.
1543 4389 1570 4460 4,
1588 4387 1622 4457 2,
1637 4385 1689 4456 3,.1,

207 4477 275 4537 culo
292 4476 416 4538 Saeculo
432 4477 496 4538 XV.
517 4476 570 4537 ille
599 4475 678 4534 enim
706 4472 868 4550 proiecisse
889 4489 923 4533 se
978 4472 1137 4534 Gordianis
1152 4492 1217 4553 cap.
1235 4477 1272 4552 2,
1289 4477 1341 4550 42,
1361 4478 1413 4538 41.
1432 4477 1494 4554 47,
1513 4477 1690 4557 19,21,24,

132 4652 135 4657 q
210 4570 320 4630 latetur
340 4587 383 4630 em
402 4569 546 4649 Magistro
569 4564 695 4646 Coponio
715 4564 924 4646 antiquissimo
977 4566 1029 4642 26,
1047 4569 1078 4628 34
1097 4615 1105 4645 ,
1122 4569 1170 4629 33.
1187 4571 1346 4629 1444444444
1362 4576 1395 4630 44
1419 4572 1545 4633 Balbino
1571 4590 1633 4652 cap.
1659 4572 1688 4639 1,

209 4678 314 4722 rerum
338 4664 558 4723 Vicentinururn
577 4661 733 4740 scriptore.
981 4660 1027 4722 12.
1039 4661 1215 4723 4444444444
1226 4666 1369 4726 memoria
1380 4664 1691 4729 celebraturliuriciur

249 4755 505 4833 4044444444,
523 4756 618 4831 sorra,
634 4754 852 4816 4444444444
873 4757 927 4818 co

206 4847 361 4927 4444944444
1024 4833 1050 4895 4)
1067 4837 1101 4882 04
1121 4835 1254 4885 Cremutio
1268 4834 1368 4884 Collno
1381 4836 1520 4887 Annalium
1538 4833 1697 4900 4441444440·

249 4939 382 5000 Annales
396 4944 750 5005 CORBEJAESaxonicae
761 4942 876 5019 antiqui
891 4941 929 5002 ab
985 4993 1026 5031 ,ιι
980 4909 1203 5035 ‘mnzdcgffssg
1214 4923 1292 5038 Ριξξι
1310 4909 1421 5048 314ὸὲ
1430 4912 1697 5043 anffifflffl

210 5031 267 5094 lin.
285 5032 340 5092 84
326 5052 344 5091 4
361 5035 510 5112 usquead
525 5034 597 5098 4174
617 5044 686 5114 post
701 5038 814 5115 primes
831 5036 932 5096 aucto-
980 5068 1044 5107 vers
1061 5060 1084 5109 p
