3458 5332
640 320 926 391 DLUG'OSSl
1459 329 1540 392 ase·

32 430 177 492 viderunt
194 432 308 508 lucem,
319 434 345 509 a)
362 448 535 511 quanquam
552 438 672 515 suemus
684 455 751 515 pro·
806 444 837 496 et
848 438 1061 517 parochialium
1078 435 1221 496 dioecesis
1234 434 1520 497 cracoviensislloc

31 530 125 591 vocat,
137 524 176 585 ad
191 525 256 586 illas
272 528 378 605 eisque
388 542 477 591 usum
491 544 524 588 se
539 535 669 590 testatur
680 532 749 591 Sta·
805 547 880 609 opus
897 532 1000 592 Simon
1017 531 1238 591 Slaravolscius
1248 546 1312 607 pag.
1326 528 1358 590 3l
1378 531 1519 606 hecaton-

30 615 149 679 nislans
168 615 332 680 Lubieuslri
351 621 381 679 in
412 621 484 680 vitis
512 621 697 682 Plocensium
719 623 746 696 b)
804 624 881 684 tadis
918 626 1098 702 scriptorum
1129 624 1229 684 Polou.
1254 630 1343 682 vocat
1368 621 1520 683 decuriae

28 710 221 788 Antistitum,
247 730 325 793 quaa
356 713 453 773 editae
484 716 615 792 primum
641 717 749 778 Craco-
804 715 1369 795 CraconieusisrlctaetBenefieiorum
1391 715 1423 773 in
1439 714 1519 776 dice

27 807 96 866 viae
113 806 237 882 ibim.
254 807 360 867 obviae
377 809 407 866 iu
422 810 561 887 operibus
578 809 747 871 Lubienskii
803 811 867 870 cesi
879 810 933 870 illa
946 809 1227 887 Ecclesiasticorum
1240 807 1388 888 Synopsin

26 900 199 978 postumia,
220 897 415 979 antuerpiae
433 903 510 962 ists
529 904 557 962 in
578 904 654 963 lolio.
821 934 830 952 -·
842 903 1011 978 Familiae,
1033 921 1124 962 arena
1140 908 1169 962 et
1192 900 1321 961 clinodia
1348 897 1518 960 Nobilitatis

69 990 152 1053 Vitae
161 991 376 1072 Episcoporum
386 995 633 1057 Posnaniensium
642 997 667 1072 c)
677 1014 746 1057 ncc-
801 994 1172 1074 Polonorumcumorigine
1184 1003 1215 1054 ct
1229 992 1515 1055 caussaeorundcm.

25 1085 195 1163 dumipsae
212 1086 329 1162 editae,
343 1087 415 1147 licet
429 1089 513 1147 visae
529 1090 638 1149 Jacobo
653 1093 746 1154 Brze-
844 1089 926 1150 Vitae
951 1087 1083 1148 aliorum
1107 1087 1297 1166 quorundam
1330 1089 1458 1164 (praeter
1484 1085 1515 1145 S.

25 1174 144 1241 manilio
160 1184 192 1238 el
206 1178 338 1239 Thomna
354 1181 497 1254 Tretero,
510 1180 660 1242 Canonico
673 1182 745 1242 Var-
800 1183 992 1261 stanislaum)
1004 1178 1185 1243 Sanctorum
1199 1179 1379 1241 Polenorum
1392 1181 1516 1258 tinnipa-

24 1272 136 1332 miensi
151 1317 159 1348 ‚
174 1271 203 1346 d)
233 1289 362 1359 quorum
392 1276 473 1334 vitae
498 1276 744 1341 Posnaniensium
801 1292 975 1354 rarumque.
997 1279 1025 1351 al

23 1364 242 1446 Episcoporum
263 1365 399 1444 prodiere
419 1366 626 1445 Brunsbergae
647 1369 743 1439 tuot,
837 1368 936 1429 Vitam
954 1371 985 1431 S.
1000 1369 1141 1429 Stanislai
1169 1368 1338 1445 Dlugossus
1364 1367 1514 1428 dedicavit

24 1460 51 1519 l.
66 1461 93 1520 is
109 1476 172 1520 non
187 1460 334 1520 diffitetur
350 1476 384 1520 se
394 1477 412 1520 a
423 1461 563 1522 Cromero
577 1460 742 1522 obtinuisse
798 1459 978 1540 Sandivogio
993 1461 1031 1522 dc
1048 1462 1199 1536 Ezccbel,
1222 1463 1394 1540 Praeposito
1414 1462 1514 1521 Mona-

23 1570 117 1615 mauu
139 1543 309 1614 'exaratum
335 1556 362 1628 e)
394 1553 531 1630 Dlugossi
566 1552 740 1633 Catalopum
796 1557 878 1615 sterii
896 1556 1112 1630 Gladavensls,
1129 1558 1180 1633 qui
1198 1557 1310 1634 gratias
1327 1557 1354 1614 ci
1370 1555 1515 1633 persolvit

23 1646 156 1707 omnium
176 1645 398 1728 'Episcoporum
416 1661 475 1722 per
491 1662 590 1707 omnes
605 1646 741 1708 umversr
795 1648 904 1709 litteris
917 1693 928 1724 ‚-
942 1666 1019 1726 quae
1036 1667 1107 1710 cum
1126 1651 1174 1709 illu
1194 1649 1256 1709 vita
1266 1649 1410 1727 leguntur
1420 1647 1469 1707 lib.
1484 1647 1513 1706 3.

24 1737 164 1800 Ponatur
180 1739 268 1819 regni
279 1738 440 1800 colledras
456 1736 497 1798 ab
519 1740 740 1820 apsacujusvis
794 1757 858 1818 cap.
875 1743 923 1803 62.
937 1759 1002 1819 seq.
1016 1750 1048 1802 ct
1065 1744 1094 1800 in
1113 1744 1224 1817 quibus
1241 1759 1301 1801 non
1319 1739 1408 1801 modo
1422 1745 1515 1801 teste-

22 1831 198 1913 fnndatioue
218 1831 260 1893 ad
278 1848 467 1911 sucusque
493 1838 635 1911 tempora.
664 1833 739 1894 Vide
795 1841 845 1894 tur
861 1852 895 1895 se
912 1853 930 1895 a
947 1838 1060 1895 teneris
1076 1842 1107 1894 et
1125 1835 1515 1912 porannosquinquagiuta

23 1929 65 1986 sis
82 1934 114 1987 et
131 1927 262 2008 Simonis
278 1926 458 1988 Staravoscii
472 1929 552 1987 vitas
564 1928 738 1989 Praesulum
794 1935 912 1995 circiter
928 1929 965 1990 ab
979 1945 1014 1987 eo
1031 1928 1143 2009 amari,
1160 1927 1215 1987 sod
1233 1929 1325 1985 etiam
1340 1926 1396 1985 hoc
1411 1929 1511 2004 ipsum

23 2020 283 2081 Postillniensium·
350 2090 358 2101 ,
590 2049 594 2055 ‘
794 2031 906 2087 mactat
919 2022 1073 2095 encomio,
1091 2017 1171 2096 quod
1190 2018 1222 2077 in
1239 2019 1413 2096 exemplum
1428 2016 1509 2095 quod

60 2111 231 2178 curantem
251 2113 286 2172 de
308 2112 464 2192 Episcopis
483 2114 740 2177 Wratislauiensi-
794 2124 897 2181 ament
912 2122 944 2176 et
960 2120 1132 2186 sectentur,
1148 2111 1277 2171 libenter
1290 2110 1451 2189 legendum
1469 2110 1513 2169 oi·

22 2203 78 2267 bus
91 2208 114 2282 t>
131 2206 331 2268 aGodoiredo
350 2208 447 2268 annno
468 2210 584 2271 Cllristi
611 2212 673 2270 ’966
700 2211 737 2271 nd
794 2215 854 2274 lero
865 2209 1043 2271 lectoribus:
1065 2204 1131 2266 Tibi
1145 2207 1153 2282 l
1165 2205 1287 2277 DEUS)
1305 2201 1513 2282 singulariter,

20 2299 213 2378 liudolpbum
236 2291 293 2360 dn.
312 2301 399 2363 4477,
415 2302 488 2363 Vide
505 2303 581 2363 Acta
597 2303 738 2365 Erudito·
793 2308 911 2384 inquit,
930 2304 1006 2363 litter
1022 2305 1196 2362 coaetaneos
1215 2307 1289 2360 ‘tuos
1317 2295 1411 2359 docile
1434 2296 1514 2375 inpa-
1620 2376 1623 2381 Ι

18 2410 85 2454 rum
102 2392 160 2454 An.
177 2392 276 2468 l7l3,
293 2412 358 2472 pag.
379 2396 445 2456 tls.
625 2432 627 2437 -
701 2409 703 2413 ’
790 2400 874 2460 orium
898 2416 966 2458 cum
983 2394 1171 2458 studiositale
1197 2392 1322 2454 donauit
1342 2391 1509 2461 virtutum,·
1614 2408 1621 2425 ·

57 2484 221 2564 &milli
238 2489 265 2565 8)
279 2487 496 2568 Episcoporum
510 2491 736 2568 Smoprnomen-
789 2500 826 2553 ut-
838 2494 871 2554 in
887 2500 1009 2567 macra,
1024 2507 1116 2570 quam
1127 2488 1198 2550 novi
1217 2493 1317 2549 aetate
1339 2490 1412 2559 nro,
1430 2483 1510 2547 inter

17 2578 97 2640 num
113 2584 143 2639 el
168 2579 388 2641 Picainensium
415 2584 609 2644 continuatus
623 2583 661 2644 ab
677 2586 734 2646 alia
788 2592 924 2648 maturos
941 2585 1118 2647 obuersatus
1129 2584 1212 2644 uiros
1225 2595 1376 2642 cresceres
1393 2592 1513 2655 semper.

18 2691 112 2735 manu
137 2674 176 2734 ad
203 2674 324 2735 Annum
344 2674 430 2737 isit.
454 2677 517 2737 ΜΒ.
537 2678 731 2738 Uratislaviao
786 2664 921 2741 erroribus
934 2686 964 2739 et
974 2678 1099 2739 meritis.
1113 2676 1257 2739 Convenit
1266 2674 1296 2734 in
1311 2679 1337 2733 te
1349 2671 1446 2746 salnes
1453 2669 1509 2748 llos

17 2768 47 2827 in
64 2767 246 2829 Bibliotheca
266 2767 490 2847 llbedigeriana.
791 2775 897 2836 aetatis
908 2779 938 2835 et
952 2771 1116 2833 maturitas
1132 2769 1239 2830 mentis
1252 2815 1259 2846 ,
1273 2775 1308 2828 ut
1323 2784 1419 2847 aequo
1436 2781 1509 2843 pra«

56 2863 180 2922 Praeter
196 2861 269 2921 baec
286 2879 304 2921 a
317 2861 441 2921 Matthia
451 2861 613 2923 Micheovio
624 2865 672 2924 Ill.
684 2864 732 2926 72.
790 2868 831 2929 dn
847 2867 1014 2948 eloquentia
1031 2872 1085 2926 tua
1098 2862 1320 2925 etcenscienlio
1332 2859 1454 2940 pariter
1463 2859 1510 2919 in·

16 2952 131 3015 Chron·
159 2955 258 3013 Polou·
288 2953 361 3014 haec
388 2954 526 3031 Dlugossi
545 2957 655 3034 scriptu
672 2975 735 3017 me-
789 2961 933 3022 ceelerent.
951 2959 1085 3039 Accessit
1100 2959 1190 3018 enam
1210 2957 1273 3017 oris
1287 2952 1509 3017 veritalicoeli-

15 3054 193 3122 morantur,
214 3045 327 3106 inedita
346 3049 445 3106 omnia
466 3053 498 3106 et
524 3048 613 3126 digna
630 3052 734 3128 utique
791 3059 837 3114 tas
854 3054 968 3127 animi,
982 3056 1018 3111 ut
1030 3050 1069 3111 alr
1087 3058 1199 3111 oretuo
1221 3067 1299 3109 cana
1312 3064 1430 3125 semper
1446 3062 1512 3105 ma-

14 3139 156 3201 θᾱῑῑῑθῦθ·
790 3152 897 3206 norant
913 3143 1030 3218 verba,
1053 3161 1223 3221 cursusque
1244 3158 1394 3201 annorum
1413 3155 1509 3218 usque

56 3232 127 3290 Vita
141 3232 176 3289 B·
197 3229 406 3309 Kunfiwidl'ir
424 3231 567 3312 Coniugis
584 3241 615 3293 et
632 3252 736 3313 perpe-
790 3238 831 3298 ad
848 3238 899 3299 tros
920 3255 1010 3299 canos
1028 3236 1128 3297 landis
1153 3233 1208 3294 tibi
1222 3241 1251 3294 et
1267 3233 1386 3293 lionoris
1396 3248 1509 3311 procu·

14 3333 66 3388 tuo
87 3325 217 3403 Virginis
234 3325 359 3385 Boleslai
373 3324 473 3405 Pudici
488 3370 495 3401 ,
513 3329 603 3387 Ducis
626 3345 661 3388 ac
677 3330 737 3388 Mo-
791 3336 877 3392 roret
890 3335 1080 3410 capessentum
1098 3347 1140 3389 esc
1155 3329 1229 3387 DEI
1240 3327 1327 3401 dono,
1341 3325 1420 3385 unde
1446 3322 1510 3385 uir-

11 3418 144 3480 ”amhae
166 3419 343 3478 P⁰¹⁰⁰⁰sl¹m
363 3420 391 3477 5¹¹
420 3420 604 3481 Sindecesssi
623 3423 737 3489 C⁰eno·
792 3429 888 3485 tutum
904 3423 1035 3484 omnium
1049 3422 1183 3483 sumitur
1198 3419 1358 3501 manifesta
1373 3415 1508 3503 cognitio.

13 3513 63 3574 bio
81 3514 146 3595 vil-a
162 3513 282 3572 iunctae
299 3519 330 3572 et
347 3513 491 3590 sepultae.
790 3561 948 3579 ......
969 3519 1051 3578 ilaec
1066 3521 1093 3576 te
1106 3514 1296 3596 resplendere
1309 3512 1381 3594 fecit
1395 3508 1508 3593 aequm
1552 3576 1556 3581 ,
1618 3521 1620 3525 ’

56 3604 264 3683 Geogropln'a,
290 3607 355 3665 sive
383 3608 483 3683 potius
506 3606 734 3690 Charopropltia
789 3610 845 3670 lem
862 3610 987 3670 actiorris
1003 3610 1113 3670 merito>
1125 3615 1155 3669 et
1169 3608 1306 3670 da'clionis
1322 3604 1448 3688 eloquio
1470 3623 1508 3665 aa

13 3697 104 3778 rapui
131 3696 290 3773 Palourae,
320 3699 435 3773 UrbeS,
463 3707 585 3774 castra,
605 3702 733 3780 oppida,
788 3701 970 3782 specialibus
982 3709 1065 3764 tuam
1077 3701 1512 3777 inelinavitmantem,utoro-.

12 3791 149 3866 flumina,
167 3798 285 3851 montes
302 3799 393 3870 atque
412 3793 534 3871 villagia.
548 3789 637 3871 'cujus
655 3795 734 3855 situs
790 3796 900 3856 loriam
926 3794 1045 3856 comodo
1062 3794 1203 3875 diligeres
1220 3803 1331 3869 orieris,
1349 3812 1426 3875 quae
1449 3791 1509 3875 uli-

14 3891 47 3945 et
62 3883 268 3962 dispositionis
286 3888 356 3944 sint.
598 3922 601 3927 ,
790 3907 847 3968 que
863 3889 946 3970 apud
968 3894 1126 3951 veteranos
1148 3888 1332 3963 Chaldaeos,
1354 3885 1508 3963 Hebraeos

50 3975 142 4038 auri
156 3976 320 4038 inventarii
330 3985 530 4058 proventuum
547 3979 736 4043 Coldedrolis
791 3988 820 4042 et
834 3982 955 4042 Latinos
969 3980 1140 4042 litterarum
1156 3981 1288 4042 omnnium
1304 3981 1507 4040 humanarum

13 4070 170 4133 Ecclesiae
200 4072 408 4134 cracoviensis
434 4075 463 4149 b)
494 4082 526 4134 et
557 4083 735 4137 cunctarum
791 4080 835 4135 est
860 4079 1066 4134 ornamentum
1069 4116 1195 4133 .....
1213 4075 1250 4132 In
1277 4072 1333 4132 trac
1359 4078 1385 4131 te
1404 4064 1508 4135 censeo

14 4160 221 4228 Ecclesiarum
238 4167 461 4245 collegiatarum
488 4158 734 4233 conventualium
791 4173 858 4229 arte
878 4165 934 4228 sud
951 4166 1064 4228 nostris
1083 4165 1282 4246 praeclarum
1301 4165 1404 4240 oecis,
1425 4169 1460 4224 nt
1478 4156 1508 4222 al
1585 4208 1587 4213 ,

787 4261 922 4323 suaviter
943 4260 1023 4322 scias
1046 4259 1233 4340 persuadere
1263 4260 1437 4338 animosque
1451 4272 1508 4315 aa·

55 4363 83 4425 ι)
102 4365 166 4413 vida
184 4364 313 4413 lineatum
330 4363 465 4410 niensium
481 4376 505 4424 p.
525 4361 578 4412 les.
595 4375 649 4424 soa
787 4353 1305 4434 diantiumorandopossismamere.
1321 4356 1428 4416 Verum
1441 4348 1508 4410 esci-

56 4440 86 4501 b)
101 4442 197 4489 Vltlase
213 4438 382 4490 Placentiam
399 4435 467 4497 apud
484 4438 612 4487 oudinum
630 4444 691 4487 tom.
710 4440 735 4488 5.
786 4449 871 4508 ptimo
897 4449 974 4509 inger
1002 4448 1136 4528 eyreyl'os
1163 4448 1261 4509 nostrl·
1280 4446 1441 4507 dictatores
1461 4458 1506 4502 gg.

10 4513 169 4649 mfflss
185 4589 305 4637 magus
321 4598 379 4649 pag.
399 4585 451 4635 lon.
787 4542 850 4602 cuti
862 4548 895 4601 lu
913 4542 975 4619 ipsc
990 4540 1131 4616 traderis,
1153 4540 1208 4621 qui
1221 4547 1278 4601 toto
1299 4549 1369 4599 nisu
1386 4536 1422 4597 de
1445 4535 1509 4595 ila-

54 4662 83 4724 d)
100 4663 173 4724 Apud
184 4663 316 4710 oudinum
331 4666 356 4710 et
374 4663 400 4710 ln
413 4660 514 4710 liobertl
528 4662 585 4709 deri
597 4660 735 4724 appendice
787 4632 848 4709 liar
866 4632 921 4693 abt
929 4634 1038 4694 Latina
1055 4641 1100 4695 θεῖ
1115 4629 1508 4714 2'1²⁸5‘sswiennaemuri·

10 4738 40 4794 αὐ
57 4739 171 4786 caveum
186 4736 277 4783 vitiose
295 4735 513 4786 wormacienses.
783 4744 840 4806 po,
855 4726 961 4805 plures
986 4725 1079 4786 libros
1101 4727 1132 4786 in
1148 4726 1250 4786 eadem
1277 4742 1385 4803 magno
1409 4723 1507 4804 pretio

56 4812 83 4933 3
100 4809 171 4920 {322¹}
186 4811 306 4921 ξῖξξξῖἓξ
321 4822 380 4934 3ζὶ
399 4802 461 4939 {gg-¹
484 4870 541 4922 ΠΟ.
558 4884 609 4932 seq.
786 4819 986 4901 congregasti,
1006 4836 1059 4879 nec
1079 4835 1174 4899 usque
1195 4819 1279 4880 niodo
1299 4818 1418 4880 desistis
1447 4814 1506 4879 col·

54 4947 86 5012 s)
105 4946 143 5006 lt·
159 4956 217 5006 nne·
237 4943 292 4994 ¹⁶⁹·

60 5024 89 5082 b)
110 5019 148 5070 ld.
165 5029 223 5081 pag.
243 5018 297 5069 trs.
313 5032 366 5081 sse.
825 5019 852 5080 n)
869 5020 1053 5071 starabolsclus
1073 5033 1130 5084 pag.
1148 5019 1192 5075 bl.
