3458 5332
716 308 1136 407 attentationis
1607 308 1668 375 409

158 435 232 489 ante
262 428 420 491 Diluvium
447 429 642 488 Tractatum:
677 424 729 501 qui
763 422 885 502 incipit:
941 400 995 498 qui
991 416 1076 499 post
1097 432 1193 479 ouuos
1214 421 1276 477 tres
1301 414 1513 497 Episcopotum
1532 414 1667 477 dimisit

159 520 369 599 0444444444
392 518 552 602 difficilem
575 520 692 579 tom..i
720 515 888 579 anecdoto-
941 511 1103 573 sedtomeu
1114 509 1243 571 orditus
1256 506 1668 572 etBeusdictaouescolelrut

159 632 229 677 rum
247 616 326 676 Perii
343 632 410 694 pag.
428 613 571 675 437-402.
983 604 1262 668 ENGELBERTUS
1290 600 1392 662 44444
1413 602 1536 664 Ordinis
1547 603 1669 667 cunr-

199 710 299 769 ltsm·'
292 727 333 770 m
347 710 462 770 Musica
485 710 672 781 Tractatum,
692 708 744 785 qui
761 706 886 785 incipit:
942 698 1052 760 4444444
1071 701 1152 761 circa
1175 697 1298 759 Annum
1318 694 1407 758 4250.
1432 696 1556 775 scripsit
1567 695 1669 759 Vitam

159 804 295 881 Propter
307 802 478 863 amicorum
495 802 679 864 4444444444.
942 794 974 853 8
985 791 1145 872 Hcdoor’pu,
1160 791 1464 862 Ducissaei’oioniae,
1478 790 1506 863 4)
1518 796 1556 850 et
1562 796 1666 868 postea

943 886 1080 947 monialis
1096 886 1238 948 coenobii
1255 883 1497 945 Trebrucensis'
1489 898 1521 943 tn
1538 882 1667 955 8444444,

290 990 364 1050 Item
381 989 413 1050 iu
422 987 621 1067 ·Poitosoptio
635 986 754 1049 Morali.
781 994 784 1001 '
939 996 978 1041 or
992 997 1053 1058 qua
1071 980 1235 1060 proiecisse
1247 994 1281 1039 se.
1294 978 1455 1056 profitetur
1468 977 1611 1055 scriptori·
1615 978 1668 1054 qui

938 1074 1077 1152 ciusdem
1092 1074 1248 1152 Hcdwigis
1271 1074 1365 1133 vitam
1382 1072 1503 1151 scripsit
1523 1070 1668 1133 44444444

197 1177 374 1237 Tractatum
387 1172 426 1235 de
440 1174 596 1253 Regimine
610 1172 793 1252 Principum.
808 1172 885 1233 luci·
939 1171 1028 1231 Surio
1050 1171 1100 1231 444.
1123 1167 1272 1229 Octobris.
1301 1165 1357 1226 Em
1370 1165 1410 1227 iis
1424 1165 1533 1235 444444.
1550 1165 1667 1245 inquit,

157 1272 221 1350 pit:
241 1266 438 1348 Philosophus
454 1266 534 1328 444444
937 1266 1018 1344 quoe
1029 1259 1132 1343 [rotor
1152 1261 1372 1341 Eugeihertus,
1401 1260 1526 1323 Ordinis
1552 1259 1669 1323 Cirta·-

197 1365 275 1425 ltem
295 1363 485 1438 Tractatum,
506 1363 558 1441 qui
582 1361 693 1421 dicitur
718 1359 881 1439 Speculum
938 1355 1176 1434 4444444444
1189 1354 1669 1436 soncmaoripsit,quoodouno

154 1457 320 1519 Virtutum.
349 1458 375 1531 4)
393 1456 519 1533 Incipit:
552 1452 702 1515 Gloriosis
723 1451 880 1514 ’04444444
938 1456 1005 1512 totu
1019 1449 1111 1530 dipsa
1128 1449 1190 1512 illis
1203 1449 1347 1532 odjuaoei

193 1550 318 1611 4444444
327 1555 359 1609 44
373 1548 486 1625 044444,
502 1542 637 1610 Ducibus
650 1548 801 1611 austriae.
812 1548 883 1609 Edi·
977 1546 1300 1608 SENGELBERTUM
1311 1542 1668 1622 cousummationis·

154 1643 241 1705 ditin
256 1642 322 1704 xri
337 1648 442 1721 partes
454 1642 602 1704 tributum
618 1642 760 1705 laudatus
774 1644 882 1704 Pacius
937 1644 1001 1700 4444
1014 1639 1211 1702 marolium
1221 1640 1363 1720 vulgavit
1373 1639 1510 1719 Tigidius
1519 1639 1668 1703 ·Geieaius

154 1740 186 1798 in
202 1735 344 1798 44444444
360 1736 544 1799 Bibliotheca
561 1735 651 1817 cujus
666 1743 766 1799 totuna
780 1736 882 1815 44444-
936 1735 1080 1796 Coloniae
1097 1735 1185 1795 4033.

153 1849 227 1894 men
245 1834 370 1892 tertium
384 1837 523 1911 occupat.
620 1846 630 1873 ··
747 1860 765 1871 ··
839 1864 842 1869 -
947 1826 1254 1889 ENGELBERTUS
1265 1827 1365 1890 44444
1376 1824 1583 1908 Corduenus
1577 1824 1666 1903 utto,

193 1926 271 1986 item
292 1923 329 1984 dc
346 1923 460 1985 04444444
478 1931 514 1985 44
538 1924 750 1987 tonsionibus·
763 1940 879 1986 eorum.
936 1921 1215 1996 auctionariis,
1233 1930 1306 1984 tom
1321 1925 1339 1983 4
1342 1938 1430 2000 ,.pag
1445 1921 1513 1982 07.·
1579 1958 1582 1963 ·
1630 1946 1656 1969 ·-

153 2020 263 2099 lucipit
277 2038 283 2077 :
299 2019 377 2078 Cum
392 2014 485 2078 libros
499 2024 553 2078 etc.
975 2017 1216 2081 ENGELBERTI
1233 2017 1381 2079 Cultifiois
1395 2016 1557 2076 Tractatus
1569 2014 1609 2077 dc
1618 2014 1667 2077 Si-

192 2116 270 2175 ltcm
288 2112 325 2173 dc
351 2112 428 2173 0rtu
444 2121 476 2172 et
506 2114 576 2172 Fine
599 2113 723 2173 Romani
749 2110 879 2191 imperii
935 2123 1037 2174 monto
1054 2108 1182 2173 44444444
1207 2111 1240 2172 in
1262 2110 1430 2191 receptione
1456 2107 1665 2182 Nondum,

152 2207 280 2287 Incipit:
304 2202 805 2283 communiscomnunis
817 2204 880 2266 edi-
935 2213 1125 2268 memoratur
1141 2222 1159 2267 a
1174 2205 1309 2267 sandero
1319 2212 1392 2265 tom
1404 2205 1433 2265 2.
1449 2203 1586 2265 04444444.
1599 2202 1668 2265 Bel·

150 2300 287 2362 tionibus
303 2298 420 2361 dictum
438 2316 505 2379 pag.
526 2298 595 2360 407.
932 2304 988 2380 gic.
1006 2299 1090 2361 4488
1108 2316 1175 2378 pag.
1194 2300 1265 2361 244.

192 2396 270 2455 Item
284 2392 323 2454 dc
333 2409 379 2471 eo,
391 2399 496 2454 utrum
512 2393 647 2471 Sapienti
661 2393 879 2472 competatdu
971 2394 1258 2456 ENGELBERTUS
1273 2392 1462 2455 8444444444
1477 2340 1667 2453 Treviransls

150 2506 222 2554 cere
238 2506 374 2562 uxorem,
391 2491 577 2563 Tractatum,
594 2490 646 2566 qui
662 2488 780 2566 incipit:
798 2486 879 2548 Nor·
932 2488 1033 2551 44444
1055 2488 1240 2549 Horatianus
1268 2486 1391 2548 Ordinis
1418 2485 1608 2573 Benedictln.
1627 2483 1669 2545 ab

151 2589 205 2643 rot
219 2584 361 2663 Satyrus.
656 2610 659 2615 ·
934 2583 1181 2661 Eiscngrenioet
1209 2583 1375 2642 possevino
1392 2581 1526 2645 traditur
1549 2578 1667 2641 ’4444444

191 2678 269 2738 item
285 2678 443 2756 Dialogum
457 2677 772 2755 Concupiscentiae‘st
782 2676 880 2736 ilatio
933 2675 990 2737 44.
1003 2676 1073 2738 087.
1084 2665 1306 2756 scripsisseque
1317 2677 1452 2736 carmine
1463 2673 1667 2735 4444444444-

153 2773 210 2831 444.
229 2771 337 2849 Incipit
352 2792 359 2831 ε
378 2769 536 2848 04444444,
553 2775 589 2829 ut
603 2768 678 2830 dicit
689 2770 810 2830 844444.
934 2769 1036 2832 alono
1050 2768 1207 2831 duodecim
1221 2767 1441 2851 Apostolorum.

194 2865 271 2924 item
281 2865 456 2928 Tractatum
467 2865 624 2926 Matrinum
634 2862 674 2923 de
687 2864 819 2927 Consilio
837 2865 881 2921 vi·
974 2864 1260 2926 auscultantis
1283 2863 1386 2925 444444
1407 2864 1438 2922 44
1462 2860 1665 2936 Lanuuium,

150 3049 208 3131 qui
221 3048 337 3109 discere
353 3049 422 3111 rite.
935 3054 989 3126 sis,
1006 3053 1130 3129 scripsit
1144 3051 1240 3113 uitam
1254 3053 1286 3113 8.
1309 3049 1494 3125 4444444444,Ι
1509 3050 1667 3113 4444144-

193 3145 270 3202 ltcm
292 3142 329 3203 de
351 3144 507 3204 Electione
529 3144 617 3221 Regis
639 3141 806 3221 Rudolphi,
828 3143 881 3219 qui
936 3142 1045 3215 liiidie,
1062 3150 1212 3222 cognatae
1239 3144 1379 3204 Triderici
1407 3146 1429 3204 4.
1452 3143 1668 3222 imperatoria,

152 3237 277 3315 incipit:
293 3233 435 3297 Sclouico
453 3235 508 3316 qui
525 3233 635 3295 tanuldi
653 3233 802 3316 confregit
816 3248 882 3295 cor-
936 3237 1113 3299 4444444444
1127 3239 1158 3296 44
1173 3239 1305 3299 Diessen
1317 3245 1349 3297 ct
1363 3244 1468 3317 postea
1479 3232 1668 3297 Eitsistsdsn

151 3345 218 3390 uuo
234 3328 364 3407 Sceptri
938 3334 1018 3393 inter
1030 3330 1199 3413 Augustam
1218 3339 1250 3392 ct
1269 3332 1399 3405 Ulmum,
1415 3331 1577 3392 deiunctae
1590 3331 1668 3391 circa

194 3424 270 3484 Item
282 3422 320 3483 de
331 3423 472 3502 passione
484 3422 778 3485 beataeliatharinae
788 3421 882 3503 Opus,
938 3427 1062 3489 Annam
1097 3428 1185 3490 4400.
1218 3425 1323 3489 Edidit
1351 3427 1502 3488 Henricus
1527 3424 1670 3487 04444444

151 3514 232 3594 quod
250 3518 372 3594 incipit:
392 3515 508 3597 luclpto
522 3516 578 3597 qui
592 3522 719 3580 sanctos
736 3515 885 3581 44444444·
940 3527 1016 3583 tom.
1039 3519 1077 3580 V.
1106 3523 1300 3599 antiquarum
1328 3521 1503 3580 Lectionum
1533 3523 1624 3599 parte·
1639 3520 1669 3578 2.

150 3627 209 3670 noc
229 3608 359 3690 Virginis
376 3616 455 3671 octa.
940 3632 1008 3697 pag.
1026 3617 1056 3676 8.
1073 3615 1225 3693 (editionis
1240 3630 1338 3675 novae
1356 3621 1429 3675 tom.
1445 3613 1497 3688 444,
1506 3628 1574 3693 pag.
1590 3612 1670 3686 082.)

191 3704 276 3776 Quae
298 3707 354 3765 tria
372 3704 435 3765 sola
453 3708 579 3767 metrice
604 3711 679 3767 sunt
695 3704 809 3767 dictata
824 3713 883 3767 etc.
941 3707 1023 3771 unde
1044 3724 1152 3771 recusa
1169 3725 1239 3770 cum
1261 3709 1478 3770 commentario
1500 3707 1623 3787 praevio
1638 3713 1669 3766 et

150 3800 183 3861 Si
200 3814 278 3876 quae
295 3798 396 3859 adhuc
413 3799 511 3877 Opem
530 3798 710 3877 complenda
736 3796 885 3861 habemus
941 3800 1023 3863 notis
1038 3803 1220 3865 ilcnschenii
1241 3810 1315 3865 tom.
1336 3804 1400 3864 4444.
1419 3801 1566 3865 Actorum
1592 3802 1669 3864 Saa-

149 3892 347 3967 inmanibus,
368 3891 531 3970 praedictis
555 3892 627 3954 addi
649 3898 798 3971 possunt,
814 3909 884 3955 cum
941 3904 1060 3959 ctorum
1080 3898 1148 3974 44444
1171 3899 1220 3960 84.
1250 3915 1319 3977 pag.
1340 3896 1409 3958 444.
1440 3892 1667 3974 Eugelhardum

150 3986 302 4067 completa
320 3987 521 4049 tuerintDEO
537 3987 639 4049 dante.
657 3987 813 4049 4444444444
823 3986 886 4049 so·
940 3993 1020 4052 circa
1037 3991 1160 4053 Annum
1177 3991 1267 4055 4200.
1284 3993 1444 4071 scripsisse
1459 3992 1593 4068 Cangius
1603 3990 1666 4064 ait,

148 4075 312 4158 pelicatus.
941 4085 1082 4145 vossium
1100 4093 1236 4162 secutus,
1254 4092 1338 4145 recte
1356 4086 1387 4142 ni
1406 4083 1500 4144 latior.
1515 4082 1668 4145 namon·

193 4172 211 4209 *
228 4172 377 4245 Quamvis
388 4173 506 4252 integra
522 4175 590 4235 4444
599 4175 748 4253 expositio
758 4174 790 4235 in
808 4174 884 4234 Psai.
941 4178 1053 4254 dinus,
1068 4180 1121 4257 qui
1149 4186 1223 4239 tom.
1245 4180 1263 4238 3
1277 4223 1284 4254 ,
1300 4195 1367 4259 pag.
1383 4179 1457 4238 094.
1478 4180 1615 4257 utrisque
1630 4196 1667 4239 eo

152 4265 243 4327 Beati
262 4264 452 4327 immaculati
471 4267 504 4327 in
524 4266 577 4328 444
598 4268 734 4329 nondum
756 4267 884 4347 prodiit,
916 4276 1065 4335 »nomine
1079 4274 1277 4336 manilestum
1293 4275 1432 4355 impingit
1447 4290 1580 4335 errorem
1592 4316 1602 4346 ,
1614 4273 1667 4335 dr.-

150 4363 220 4423 eius
242 4367 345 4423 444444
366 4364 630 4422 commentationis
656 4362 802 4425 Praelatio
818 4362 886 4423 vul·
939 4367 1029 4431 babet
1043 4369 1202 4431 evidenter
1218 4369 1436 4445 demonstrare,
1452 4366 1531 4446 quod
1548 4368 1591 4428 ait
1605 4368 1667 4429 lde-

148 4461 220 4537 gata
241 4461 290 4515 est
309 4472 328 4516 a
345 4457 397 4516 PP.
417 4458 473 4516 l‘ez
491 4463 523 4516 et
537 4455 656 4517 llueber
669 4455 742 4517 Cod
756 4452 881 4534 Diplom
938 4464 1083 4526 chtiidem
1094 4463 1293 4545 postAnnum
1306 4462 1666 4541 taaoovtvismtgraass

148 4548 372 4632 emineat
892 4598 897 4609 ·
978 4559 1261 4623 sacristanus
1292 4556 1416 4632 ronco,
1434 4560 1499 4618 sive
1530 4555 1666 4619 444444

189 4642 469 4706 ENGELBERTUS
485 4645 573 4718 4144484
590 4643 629 4704 ¹¹0
647 4659 708 4721 quo
724 4641 883 4707 44540008
938 4653 1140 4717 Srobacensis
1154 4656 1320 4749 Francus,
1337 4654 1439 4715 clarus
1458 4654 1570 4715 Romae
1585 4653 1666 4713 circa

146 4741 178 4799 in
198 4734 545 4800 commessatorum
568 4735 656 4801 4477
674 4732 765 4817 Apud
779 4733 883 4801 cauit
939 4748 1062 4810 Annum
1080 4751 1169 4812 tout
1187 4757 1265 4811 teste
1281 4750 1488 4811 northomme.
1507 4744 1611 4809 atter
1626 4744 1665 4807 oo

146 4832 248 4896 Ionem
278 4830 481 4910 Erigeibortus
508 4832 670 4895 ordinatur
693 4833 882 4917 spiscopus,

981 4975 1010 5042 4)
981 4979 1160 5029 austeriora
1178 4977 1231 5030 444
1248 4980 1274 5028 S.
1285 4975 1437 5029 aitsanctus
1447 4976 1522 5041 Regb
1533 4976 1669 5039 4444444444

193 5045 224 5107 4)
239 5050 300 5095 4444
316 5043 480 5096 8444444444
495 5050 525 5095 A.
542 5045 612 5098 4724.
632 5060 691 5111 pag.
706 5047 762 5100 484.
935 5050 1009 5112 iilia,
1026 5050 1058 5101 de
1078 5065 1129 5115 qua
1145 5066 1222 5117 supra
1239 5065 1297 5121 pag.
1316 5052 1372 5101 280.
