3464 5318
735 342 897 404 814444.
1502 330 1558 403 stit

68 449 105 511 do
133 450 199 511 sais
228 447 480 532 apparitionibus.
512 449 614 511 03033
645 450 790 512 valedixit
844 451 932 529 cujus
949 451 1108 512 Orationes
1126 446 1292 509 invectivas
1303 446 1334 506 ia
1346 450 1489 509 83334434
1503 463 1565 507 me-

67 544 210 605 humanis
232 544 289 606 An.
311 543 370 604 740
391 545 471 603 44433
489 545 665 621 scriptorem
682 550 789 604 nactus
844 553 941 606 morat
962 547 1081 606 Pitseus
1102 560 1168 622 pag.
1191 540 1240 601 90.

67 638 97 698 S.
133 637 425 711 BERClVALDUll,
463 638 529 696 sire
560 636 789 696 8804444444-
883 637 1148 709 8408800808,
1171 636 1268 709 inira,
1289 635 1534 696 4488400888.

66 731 169 805 DUM,
190 731 218 802 (4)
240 730 506 808 4430433433333444
528 731 788 807 833433443333444,
884 729 1051 810 Phiiappns
1067 727 1260 807 Hareengitrs
1287 725 1323 786 de
1346 726 1565 788 848844084-

65 824 117 900 qui
139 822 218 885 diem
249 823 321 883 30444
338 821 394 883 An.
416 821 485 884 734.
514 822 588 883 Vide
622 822 787 884 Lelandum
841 823 968 900 04,8.
992 822 1154 884 Bernhardi
1180 823 1314 893 34444333,
1340 820 1441 880 40033
1470 819 1565 881 03333

65 933 130 995 333.
154 917 201 977 68.
223 917 346 978 Balaam
368 917 494 978 Centur.
515 920 544 978 4.
564 933 630 996 333.
656 917 703 978 94.
730 919 789 978 444·
844 921 912 998 8334
928 920 957 978 43
974 917 1123 980 damabio
1140 917 1327 993 4433443303,
1340 912 1462 973 Ordinis
1479 913 1567 973 Prae·

65 1029 152 1071 saum
167 1028 234 1089 pag.
251 1012 303 1072 484
329 1018 360 1071 34
381 1012 521 1071 Vassium
543 1029 609 1089 pag.
631 1011 701 1085 art,
723 1027 786 1088 seq.
844 1012 1106 1084 monstratensis,
1140 1008 1303 1070 4434333433
1334 1013 1402 1086 post
1442 1005 1564 1067 433343

108 1106 140 1167 S.
160 1105 264 1166 84044.
281 1151 288 1179 ,
307 1107 372 1164 3443
389 1106 526 1180 AElGlL,
545 1105 645 1165 40033
660 1105 789 1166 Fulden-
845 1106 933 1165 4480.
955 1104 1031 1182 Ejus
1052 1106 1161 1182 scripta
1182 1103 1311 1179 junctim
1334 1100 1414 1161 edita
1434 1100 1568 1161 033343

19 1191 20 1195 ’
65 1202 109 1261 343
127 1198 165 1259 30
182 1197 238 1259 43.
257 1199 316 1260 848
334 1197 373 1259 ad
390 1197 459 1258 8⁶22.
471 1196 547 1257 Vide
564 1215 666 1277 supra,
684 1200 788 1259 AEGlL
842 1197 961 1257 0433433
985 1195 1148 1280 8443444344,
1176 1203 1207 1256 34
1230 1197 1294 1272 4333
1311 1193 1453 1255 Coenehii
1471 1193 1567 1253 honae

64 1303 137 1354 43444.
159 1292 184 1351 4.
202 1308 269 1370 pag.
287 1292 326 1350 94
341 1297 373 1350 34
396 1291 434 1351 de
456 1290 644 1364 (4400400,
667 1294 719 1369 qui
740 1293 790 1352 84·
844 1289 914 1367 8334
935 1290 1070 1366 400343,
1092 1292 1184 1350 83334
1208 1289 1306 1363 46440,
1330 1288 1378 1347 434.
1407 1286 1480 1346 Vide
1512 1288 1569 1349 Ga-

26 1407 29 1411 ·
67 1387 135 1466 gilis
155 1387 247 1446 vitam
265 1386 406 1463 scripsit,
424 1401 490 1464 pag.
507 1385 576 1446 269.
594 1383 729 1446 0044440.
845 1399 936 1443 veum
959 1383 997 1442 ad
1018 1382 1141 1443 hunum
1168 1384 1258 1444 4440.
1289 1382 1473 1443 chertinm
1500 1397 1567 1460 pag.

106 1478 344 1555 sialitanus,
366 1495 478 1557 33343,
500 1479 753 1541 8840840088.
844 1478 913 1538 944.
932 1477 1084 1538 Valerium
1102 1476 1255 1537 Andream
1273 1493 1339 1555 pag.
1362 1472 1431 1537 778.
1450 1475 1569 1552 8344343

103 1571 320 1633 840040808
342 1571 380 1632 de
402 1573 661 1651 Catzenelehogen
687 1574 788 1649 483444-
845 1573 893 1632 illa
922 1578 1013 1632 sunt·
1037 1570 1194 1650 ’8344444433
1223 1571 1296 1631 444.
1327 1566 1568 1631 Commentarius

65 1665 217 1740 4443440333)
238 1682 276 1725 ex
298 1664 413 1726 400343
435 1665 645 1742 limburgensi
662 1667 789 1743 834333
843 1652 988 1745 mysticas
1005 1672 1036 1725 et
1052 1663 1240 1728 dioraiitotes
1258 1664 1289 1725 in
1314 1662 1451 1725 83444433·
1465 1659 1569 1723 Canti-

62 1774 120 1838 pus
140 1758 179 1820 30
200 1758 255 1819 444.
279 1757 357 1820 40447
378 1757 414 1818 ad
447 1757 524 1819 4007
553 1759 579 1834 3)
611 1757 787 1839 Spirensis,
844 1774 958 1818 corum.
980 1758 1157 1818 0333443443
1188 1754 1498 1819 Notmhoaooosorts.
1526 1754 1568 1814 03
1676 1752 1701 1821 ,“

63 1853 192 1930 scriptor
214 1849 365 1913 librorum
386 1857 519 1932 3330434
539 1851 585 1915 de.
597 1850 789 1912 caerimoniis
846 1852 933 1933 lapsu
946 1851 1045 1930 primi
1059 1849 1195 1912 homimis.
1213 1852 1256 1912 03
1273 1850 1462 1912 damnatione
1483 1846 1568 1910 8343-

63 1944 235 2021 Ecclesiae,
268 1946 348 2023 quod
376 1948 494 2024 insigne
526 1947 670 2006 volumen
699 1951 788 2005 vocat
844 1945 948 2007 monis.
968 1947 1011 2005 03
1027 1943 1208 2006 clericorem
1224 1944 1400 2024 dignatate,
1416 1941 1565 2016 seientia,

60 2040 221 2099 Cornelius
243 2038 452 2118 Schultingius
474 2040 503 2097 in
524 2037 709 2100 Bibliotheca
729 2038 788 2099 Ec·
837 2039 979 2120 justitio,
1002 2037 1181 2099 3330333044
1202 2035 1369 2098 ohedientia
1392 2043 1423 2097 et
1441 2035 1565 2098 silentio.

65 2132 245 2194 elesiastica.
646 2187 648 2191 ,
848 2133 913 2195 Vita
924 2134 956 2196 S.
966 2131 1129 2212 4333344444
1138 2133 1337 2213 Hipponensis
1351 2137 1383 2190 34
1394 2132 1424 2192 8.
1436 2127 1568 2190 Amenda

107 2224 371 2298 8448408008,
398 2221 598 2298 athelredus,
620 2221 787 2297 Volredms,
845 2224 972 2288 Ahhatis
990 2224 1194 2305 Tmnprensis,
1213 2225 1319 2287 Passio
1335 2226 1389 2286 88.
1406 2221 1532 2304 cyriaci
1538 2225 1569 2282 et
1646 2215 1647 2218 ’

62 2317 164 2402 40033
196 2318 396 2394 0443033343,
429 2332 541 2395 33343,
572 2315 788 2377 nullandas
843 2319 993 2395 lulittae,
1028 2318 1184 2400 Salviiqae
1212 2317 1370 2398 Martyris.
1398 2319 1483 2379 Vitae
1510 2314 1565 2377 88.

63 2419 137 2472 43444.
156 2415 183 2473 4.
195 2428 263 2490 pag.
282 2411 329 2473 44.
843 2414 995 2489 83444334,
1014 2410 1130 2474 Gisiemi
1141 2410 1277 2486 4003443,
1295 2407 1455 2472 Lamdelini
1467 2405 1571 2470 Abba-
1642 2451 1648 2465 .

104 2504 365 2579 ElTELllEDUS,
401 2505 466 2564 sive
498 2502 787 2580 AETHELREDUS,
844 2509 905 2583 tis,
925 2507 1005 2570 Odae
1024 2503 1218 2587 Virginea)
1242 2502 1456 2569 Watdetrmdoe
1473 2499 1571 2591 Virgi—

62 2600 155 2659 totius
177 2597 332 2673 albionis,
354 2598 420 2658 sive
442 2596 567 2674 Angliae
588 2598 671 2669 0344,
698 2595 787 2675 eujus
842 2601 1017 2664 ais'.Passio
1031 2603 1062 2663 8.
1080 2597 1203 2679 Agnetis
1224 2596 1364 2677 Virginis.
1383 2597 1473 2658 Varia
1491 2594 1570 2658 Cor·

60 2691 174 2751 Charta
195 2691 265 2751 data
286 2692 424 2751 Vullsino
444 2692 592 2769 Episcopo
614 2697 645 2750 et
673 2691 788 2752 Coeno-
843 2695 943 2770 mimo,
960 2691 1125 2774 Epitaphia
1140 2694 1170 2768 0)
1189 2689 1364 2772 4333334304.

61 2786 111 2846 043
132 2784 361 2848 8344303433334
378 2782 436 2844 444.
458 2785 517 2843 998
531 2789 634 2844 exstat
655 2785 684 2843 in
708 2786 788 2845 Han·
883 2789 1099 2863 ELEREDUS,
1115 2803 1220 2866 supra,
1238 2783 1463 2860 4844448008,
1480 2780 1572 2844 8444-

62 2880 114 2938 4434
127 2878 265 2937 Wartoni
276 2877 384 2955 Anglia
398 2877 488 2937 Sacra
506 2883 578 2938 4343.
592 2880 620 2939 4.
633 2894 698 2958 pag.
718 2877 785 2938 470.
840 2882 976 2944 08008.
989 2880 1064 2942 Vide
1074 2883 1165 2941 etiam
1179 2881 1209 2939 43
1222 2880 1251 2939 S.
1264 2877 1446 2939 8004080
1457 2877 1548 2952 Rege.

101 2971 400 3045 ElTliLlVOODUS,
422 2971 722 3044 alTELwolalls,
742 2974 787 3030 in·
879 2976 1045 3037 8880408
1065 2974 1234 3049 (lambrias,
1256 2971 1357 3033 40033
1380 2973 1409 3030 43
1427 2968 1567 3032 cambria

63 3066 129 3139 443,
152 3063 329 3124 ETHELW·
523 3102 528 3107 -
763 3103 765 3105 ·
840 3085 986 3147 praesens
1007 3068 1064 3128 43.
1098 3068 1156 3126 000
1191 3067 1327 3126 interfuit
1359 3063 1509 3124 discessui
1537 3063 1568 3124 8.
1645 3082 1657 3106 .

75 3157 282 3218 -ELBODUM
311 3153 526 3218 Veaedotarnm
548 3158 578 3216 in
600 3155 708 3235 Anglia
732 3156 788 3217 44·
849 3158 1043 3241 li'emefredao
1063 3160 1193 3238 Virginis
1214 3157 1342 3235 eiusque
1366 3158 1462 3226 vitam
1495 3155 1569 3215 serl-

61 3251 286 3328 chiepisoopum
299 3250 425 3310 Vossius
436 3267 502 3328 pag.
515 3249 787 3328 26l.Canginsque
841 3255 912 3332 psit,
933 3270 972 3313 ex
994 3269 1055 3330 quo
1076 3252 1212 3331 34343344,
1227 3254 1253 3326 3)
1274 3251 1325 3327 334
1341 3251 1422 3321 circa
1446 3246 1570 3310 44444343

62 3344 237 3423 3333443444,
255 3342 379 3403 0313334
400 3345 498 3403 secuti
515 3345 639 3404 centur.
659 3346 686 3404 4.
703 3360 730 3403 3.
748 3342 787 3405 72
841 3346 975 3409 iliade
992 3345 1097 3406 eadem
1117 3345 1237 3423 Virgine
1254 3342 1383 3420 ejusque
1400 3341 1457 3402 An.
1478 3339 1567 3402 4438.

59 3445 93 3498 34
114 3439 248 3497 Pitseum
270 3453 337 3516 pag.
361 3435 429 3497 404.
448 3434 531 3496 ldem
552 3435 688 3512 Elhodus
705 3434 786 3514 apud
820 3439 993 3520 'Salapiam
1019 3441 1216 3500 translatione
1249 3437 1454 3498 narrationem
1485 3451 1568 3495 corn-

63 3528 230 3591 l.elandum
253 3546 318 3608 cap.
342 3530 380 3590 45
396 3527 506 3590 dieitur
527 3530 701 3590 Venetomtm
718 3531 789 3609 834-
842 3536 943 3613 posuit
959 3533 1165 3608 ROPERTUS,
1181 3531 1284 3593 40033
1300 3531 1502 3608 83433433343,
1516 3545 1569 3592 cu·

64 3640 188 3701 80004184
207 3624 319 3684 sectius
336 3638 419 3699 sane,
437 3628 471 3683 ut
489 3622 706 3702 intelligamus,
720 3624 790 3700 Epi·
840 3627 894 3707 jus
905 3626 1117 3706 compendium
1128 3624 1209 3705 apud
1222 3626 1343 3687 Surium
1355 3623 1568 3685 3N0vembris.

67 3718 204 3795 33333434
217 3733 287 3777 eum
300 3716 486 3794 praelectum
498 3717 660 3776 venetensi
676 3716 789 3794 (63330
846 3721 1128 3783 433433484344343
1142 3719 1293 3782 Lelantus
1307 3734 1373 3797 cap.
1391 3716 1441 3780 49.
1459 3717 1569 3778 Baleus

59 3812 181 3871 Paterni
199 3812 229 3870 in
247 3809 446 3871 Seuthwallia
472 3806 607 3887 Angliae.
636 3827 674 3870 ex
703 3811 790 3871 lucu·
844 3817 893 3890 li,
916 3815 975 3885 40,
995 3821 1027 3875 34
1047 3815 1167 3875 44433443
1183 3830 1249 3893 pag.
1274 3813 1342 3875 409.

58 3902 248 3963 04344334033
265 3901 332 3980 ejus
350 3902 424 3962 nihil
447 3907 582 3963 aetatem
596 3903 676 3981 tulit,
693 3919 788 3981 quan·
887 3906 1078 3969 ELEUSlUS
1094 3908 1152 3968 3443
1174 3906 1296 3967 nomine
1313 3902 1508 3965 GEORGlUS
1524 3899 1570 3962 di·

59 4013 154 4075 quam
176 3997 285 4057 narsus
306 4003 338 4055 et
358 3997 478 4056 Pitseus
499 4012 570 4055 eum
591 3994 627 4057 de
653 3993 787 4057 oelolra-
842 4009 933 4073 etus,
950 4002 1115 4063 Monachus
1136 4007 1168 4061 et
1188 3999 1357 4078 discipulus
1373 3999 1404 4059 s.
1426 3993 1571 4057 Theodori
1647 4017 1649 4022 s

57 4089 136 4150 tione
168 4087 329 4149 Paschatis
360 4089 537 4167 scripsisse,
562 4094 593 4148 34
618 4087 787 4152 Historiam
842 4098 999 4170 siceotae,
1017 4095 1157 4174 Episcopi
1186 4090 1490 4169 43334334333444334,
1512 4088 1569 4152 Aa

56 4182 111 4244 sai
127 4182 269 4261 temporis
299 4179 460 4241 tradidisse
487 4182 642 4258 referunt,
671 4184 786 4246 clarum
841 4187 1061 4250 chimandritae
1078 4186 1297 4250 caenobiorum
1313 4187 1343 4246 id
1361 4184 1498 4257 Galatia,
1516 4183 1569 4245 de·
1652 4241 1655 4246 .

58 4275 140 4355 apud
160 4276 308 4338 83430433
324 4277 403 4335 34433
420 4275 565 4351 44433334
584 4277 617 4338 84
625 4276 652 4337 0.
842 4283 937 4346 433344
954 4279 1011 4343 An.
1038 4282 1098 4344 843
1119 4277 1209 4358 eujus
1243 4278 1340 4341 Vitam
1366 4278 1489 4357 scripsit
1506 4293 1566 4337 nau

98 4369 298 4445 8404088,
316 4371 381 4430 sive
400 4368 603 4430 08404008
618 4415 625 4447 ,
641 4368 786 4451 84404·ι
840 4379 946 4438 Latine
966 4383 1068 4438 autem
1083 4422 1090 4452 ,
1105 4373 1160 4438 sed
1176 4375 1312 4449 Graece,
1330 4374 1388 4434 etsi
1406 4373 1512 4432 Latine
1526 4369 1569 4432 le-

55 4466 157 4541 0448,
174 4466 343 4545 Episcopus
363 4463 687 4543 813344333344433343,
717 4468 783 4528 sive
840 4472 921 4551 gitur
946 4469 1024 4549 apud
1043 4470 1166 4530 Surium
1184 4469 1223 4530 94
1241 4466 1334 4546 April.
1362 4483 1399 4527 ex
1427 4464 1568 4525 versione

54 4561 292 4622 Glocestriensis
308 4562 387 4622 34433
402 4557 525 4619 Annum
544 4558 602 4620 490
617 4560 647 4619 43
664 4558 782 4639 Anglia,
841 4564 921 4625 Petri
938 4565 1090 4625 Francisoi
1107 4564 1170 4623 Zini
1186 4606 1193 4637 ,
1207 4577 1310 4640 quam,
1328 4560 1422 4620 solam
1444 4573 1568 4636 quoque

97 4842 124 4899 d)
142 4841 243 4890 henrici
260 4840 391 4891 Warthonl
407 4840 497 4903 4443143
519 4844 594 4891 Sacra
613 4845 675 4889 tom.
696 4837 707 4885 4
726 4850 785 4902 pag.
885 4843 911 4906 a)
927 4844 952 4892 s,
968 4839 1037 4891 odae
1057 4843 1112 4892 rita
1128 4840 1153 4891 ln
1170 4843 1407 4893 latinissimum
1425 4845 1444 4890 4.
1460 4839 1476 4889 2
1492 4839 1572 4904 Apell,

50 4913 107 4965 tae.
122 4917 221 4977 supra,
238 4916 481 4965 mammons
499 4921 526 4965 et
542 4914 766 4965 ratramnus.
835 4914 868 4965 20
879 4927 938 4979 pag.
956 4912 1014 4962 ms.

98 4989 126 5050 a)
143 4989 331 5039 sammarthani
348 4995 411 5041 tam.
428 4991 445 5040 8
461 4988 556 5040 Gallias
583 4989 745 5040 christiane
759 5000 786 5051 p.
882 4989 910 5049 0)
927 4986 1091 5049 Epitaphium
1108 4986 1134 5036 tn
1152 4989 1254 5038 irenem
1273 4992 1293 5037 4.
1310 4990 1329 5035 V
1345 4986 1409 5047 44344
1422 4987 1459 5035 hs
1476 4983 1589 5046 3440-

54 5063 125 5114 4047.
882 5061 909 5125 3)
925 5067 999 5114 vass.
1017 5073 1081 5127 pag.
1094 5059 1143 5112 404
1161 5061 1309 5114 alemus.
1440 5073 1442 5076 ·
