3458 5332
24 354 31 365 .
85 323 141 373 XV}

86 417 248 492 codicibus,
276 422 480 493 serutaretnr3
509 415 615 477 iterate
632 431 666 476 se
680 414 803 476 liemam

84 499 223 568 contulit,
239 505 271 558 et
289 499 430 559 Vaticana
441 497 642 573 blanuscripta
660 496 805 568 excussit,

86 585 177 658 alque
189 579 351 651 consuluit,
369 578 446 638 lucta
464 577 519 638 sibi
538 578 649 656 ubique
662 575 806 653 indagan-

87 658 116 721 di
135 677 170 720 ae
198 659 343 737 seligendi
375 661 504 719 maxima
536 659 698 733 laenitate3
720 664 804 717 tauta

85 743 257 801 eratineo
289 747 320 800 et
350 738 503 800 doctrinae
533 737 753 799 commendatio
774 742 805 796 et

89 822 185 882 lamae
202 820 360 882 celebritas
377 820 426 896 (5).

128 903 309 964 amicissimi
322 910 477 980 praeterea
492 899 643 977 iidemque
657 898 734 958 docti
752 897 803 957 riri

87 1000 254 1046 exsuarum
266 984 425 1043 civitatum
438 982 610 1041 lectissimis
618 977 804 1040 bibliothecis

88 1058 802 1143 aliacomplurasuppeditaruiit,itautdivesjam

87 1146 249 1213 allatimet
263 1145 418 1222 magnilica
430 1143 566 1220 supellex
578 1138 803 1202 edessenorum

88 1228 179 1306 igitur
211 1241 282 1286 cura
319 1231 410 1303 alque
442 1223 588 1285 industria
616 1223 805 1282 continenter

89 1306 212 1380 versari,
227 1313 260 1367 ut
275 1311 387 1366 tautam
406 1319 550 1364 nevarum
567 1318 666 1362 rerum
689 1301 803 1377 copiam

87 1386 224 1448 ordinate
240 1389 267 1446 in
284 1387 396 1465 ingenti
411 1402 500 1463 opere
515 1383 717 1454 distribueret,
728 1396 805 1458 quae

88 1471 180 1529 celeri
213 1473 301 1528 autea
333 1468 362 1525 in
393 1464 558 1544 colligendo
586 1466 810 1543 peccatelam,

90 1546 274 1619 emendaret,
285 1563 363 1625 quae
380 1545 544 1608 adiicienda
562 1551 658 1613 erant,
672 1549 724 1602 aut
736 1557 806 1619 sup·

90 1629 198 1707 plenda
219 1634 385 1707 opportune
414 1627 615 1705 dispositeque
643 1623 806 1701 proterret,

91 1710 301 1769 annotationes
318 1714 349 1768 et
362 1707 588 1768 dissertationes
604 1702 752 1766 eruditius
765 1705 808 1761 iii·

91 1796 232 1850 strueret.
266 1789 303 1850 Ut
331 1805 402 1849 veru
432 1793 560 1867 primum
580 1789 677 1863 ipsum
699 1783 807 1843 retecti

91 1871 192 1947 operis
210 1870 349 1930 volumen
369 1871 397 1926 iii
420 1869 516 1931 lucem
542 1866 659 1944 prodiit,
688 1880 807 1925 summo

93 1950 164 2010 illud
185 1949 291 2028 plausu
308 1952 429 2010 litterati
449 1950 587 2010 liomiues
600 1948 705 2008 merito
720 1961 808 2006 eiice-

90 2038 218 2109 peruut;
240 2037 421 2109 quapropter
454 2029 576 2091 mirifice
611 2030 731 2089 animas
760 2031 808 2085 est

94 2112 121 2169 ei
139 2111 271 2183 additus,
290 2120 323 2173 nt
341 2128 404 2171 rein
419 2119 533 2173 tantam
551 2117 582 2170 et
599 2117 661 2170 tam
680 2104 810 2167 salebro·

88 2208 153 2253 sani
169 2192 365 2253 vehementer
379 2198 506 2272 urgeret.
532 2227 534 2232 ·

134 2274 378 2334 blolestissimum
398 2281 496 2332 tamea
526 2271 639 2330 interea
675 2267 746 2329 illud
781 2267 807 2325 ei

92 2353 210 2426 accidit,
229 2353 307 2430 quod
336 2369 369 2411 se
399 2351 477 2430 apud
509 2351 697 2410 Clementem
728 2347 809 2408 xllt.

95 2433 126 2492 P.
150 2436 185 2493 bl.
202 2433 353 2511 quidpiam
372 2439 489 2509 praeter
511 2431 697 2491 voluntatem
720 2428 811 2488 olien-

93 2511 174 2573 disse
191 2512 345 2571 intellexit.
374 2511 554 2572 Oilensionis
571 2527 657 2587 perro
671 2525 705 2569 ea
720 2523 810 2568 causa

96 2591 241 2671 luit,quud
255 2609 325 2670 prae
337 2590 465 2670 grandes
475 2592 604 2652 Gallicae
619 2588 812 2651 addicto-

94 2673 260 2734 Pleurati
294 2672 382 2733 libros
410 2674 559 2751 (quorum
591 2671 683 2731 altera
723 2671 812 2730 editio

96 2752 282 2815 Lucensibus
315 2755 421 2831 praelis
456 2755 556 2814 niinus
587 2753 684 2812 lausto
714 2751 813 2812 omine

94 2835 279 2910 curabatur)
318 2836 345 2892 iii
387 2835 422 2893 iis
448 2851 525 2913 qnae
562 2832 597 2893 ad
635 2833 807 2910 religionem

95 2921 274 2995 spectatast,
286 2915 512 2993 expurgandus,
535 2912 806 2991 quaemadmodum

5 3035 7 3038 >
95 3012 218 3074 prorsus
230 3011 353 3055 necesse
370 3003 444 3067 erat,
460 2994 665 3072 potandosque
682 2996 806 3055 aliorum

96 3077 228 3150 hortatu,
246 3076 368 3137 forsitan
393 3079 493 3138 ininus
507 3084 604 3146 caute,
623 3080 807 3151 susceperat.

95 3156 179 3230 Quod
203 3157 313 3219 iactum
335 3161 466 3236 graviter
486 3156 559 3217 adea
585 3163 676 3234 atque
702 3154 807 3215 acerbe

96 3237 231 3302 Ponlilex
257 3239 334 3305 tulit,
359 3246 390 3298 ιιι
412 3237 591 3310 Sartescbio,
607 3239 657 3316 qui
681 3237 707 3295 id
731 3243 809 3293 tem·

96 3322 175 3400 puris
187 3320 413 3397 congregationi
428 3320 530 3380 listris
540 3319 591 3377 Dei
605 3322 809 3394 praecantum

96 3401 189 3462 semel
211 3402 407 3462 affirmaverit
428 3400 577 3461 blansium
598 3398 635 3458 cb
653 3414 719 3457 eam
740 3412 812 3456 caa-

98 3498 163 3543 sam
189 3483 244 3543 sibi
277 3482 426 3558 rebusque
457 3481 523 3541 suis
555 3480 812 3557 quamplurimum

101 3564 239 3624 nocuisse
257 3561 413 3638 (fortassis
429 3563 509 3621 enim
524 3568 556 3619 ut
573 3561 734 3619 multorum
747 3574 812 3634 gra·

101 3644 149 3702 vis
169 3644 267 3720 opinio
288 3647 370 3714 erat,
393 3640 430 3701 de
451 3659 486 3702 eo
508 3658 598 3720 quem
615 3638 815 3699 oninidoctri·

98 3738 137 3782 na
152 3730 183 3784 et
196 3725 308 3783 uirtute
331 3722 660 3782 commendatissimum
673 3724 815 3792 necerat,

97 3804 126 3862 ln
154 3801 357 3866 cardinalium
389 3803 546 3881 collegium
568 3799 733 3878 cooptando
764 3817 816 3859 an·

100 3890 147 3944 tea
180 3885 351 3960 cogitarat).
386 3884 513 3960 l‘urgare
544 3899 577 3942 se
619 3897 651 3939 se
684 3879 815 3941 l‘entilici

99 3963 230 4043 legitime
249 3966 396 4044 potuisset
410 4007 417 4034 ,
432 3965 541 4043 quippe
562 3960 642 4023 laud
666 3963 814 4041 ingratum

100 4045 232 4108 laborem
255 4051 416 4126 putaverat
436 4045 497 4104 lore
529 4045 554 4103 si
586 4043 689 4104 Gallici
719 4043 817 4120 operis

141 4283 176 4343 lb)
189 4279 272 4331 Lubet
289 4281 339 4330 liae
355 4281 386 4329 da
402 4294 431 4328 re
450 4279 571 4329 italicam
588 4277 724 4342 epistolam
740 4279 819 4350 subji·

97 4356 166 4399 sere,
178 4358 256 4408 quam
268 4345 431 4394 clarissimus
441 4344 653 4404 doctissimamque
668 4342 819 4394 cardinatis

100 4407 260 4456 Passionem
288 4408 483 4456 daemonium
501 4406 608 4454 lutiam
631 4405 751 4454 Verietum
772 4409 819 4469 Tu·

97 4470 263 4535 peprapltum
280 4472 351 4519 dedii
366 4502 373 4522 .
390 4467 465 4530 cujus
484 4468 607 4531 impensis
633 4474 735 4517 tantum
752 4487 815 4534 upus

95 4532 299 4596 procurabatur.
311 4531 411 4595 Quippe
423 4533 550 4580 ectiuium
559 4537 636 4593 atque
649 4532 820 4596 honorificari.

100 4598 229 4644 tissimum
240 4604 292 4644 tum
303 4596 474 4658 praeconium
487 4601 540 4642 turu
552 4595 729 4643 testimonium
741 4599 818 4648 Man·

99 4659 134 4707 sit
150 4663 288 4707 doctrinae
305 4661 334 4706 irs
350 4671 381 4705 ea
407 4659 516 4720 epistota
545 4655 681 4706 tribuitur.
706 4659 819 4713 L'uiiico

98 4722 249 4783 eonsigtiol
263 4723 301 4769 stc
316 4722 443 4783 scriptum
471 4720 522 4783 {uit
548 4733 565 4767 a
591 4719 752 4787 Persianae)
769 4726 818 4775 elie

99 4786 172 4834 arrei
188 4788 218 4832 de
236 4783 402 4846 suggerlrle.
420 4786 440 4832 sl
460 4789 474 4834 e
491 4784 541 4834 elie
565 4795 718 4844 procurasse
734 4789 783 4838 ebe
801 4790 818 4838 il

101 4845 130 4896 P.
147 4846 349 4896 Glandomenico
360 4845 522 4897 Mansldella
539 4845 666 4910 congreg.
679 4850 746 4900 della
765 4850 820 4901 bls-

36 4910 146 5016 *ffc
162 4910 188 4958 di
206 4909 253 4986 [iio
269 4908 289 4958 sl
306 4909 453 4985 disponense
470 4924 484 4960 ι
500 4911 656 4985 qui-venire.
668 4912 766 4973 Queste
779 4929 818 4964 sn·

126 4977 214 5023 mente
231 4983 255 5023 io
271 4975 406 5025 considere
422 4988 514 5038 capace
525 4976 549 5024 di
561 4975 739 5026 discutiamne
750 4979 818 5027 dalla

136 5046 162 5086 iii
179 5049 242 5099 gran
261 5036 398 5088 biblioteca
415 5038 536 5090 Vaticana
560 5049 620 5087 cose
646 5041 731 5102 degiia
747 5041 817 5091 della

653 304 680 368 J.
711 306 819 370 boll.
849 302 1034 369 adusti

859 429 977 475 errores
1006 414 1166 476 emendare
1198 430 1251 494 pre
1282 430 1338 476 sua
1369 419 1401 473 ιι
1437 410 1579 491 religione

859 501 890 556 et
926 495 1003 557 virili
1046 503 1131 572 parte
1173 494 1349 556 studuisset.
1389 491 1579 572 Quamquam

860 581 961 637 tamen
995 578 1069 636 satis
1095 574 1177 655 justa
1208 584 1238 635 ct
1266 578 1387 654 sapiens
1404 580 1469 635 erat
1490 589 1581 635 excu-

859 661 944 728 satio,
965 656 1003 717 ab
1023 674 1057 716 ea
1086 674 1120 717 se
1150 657 1304 725 abstinuit,
1333 664 1424 735 atque
1462 661 1496 715 ut
1520 655 1579 733 pri·

860 753 944 799 muru
975 737 1013 797 dc
1044 737 1193 797 Pontificis
1224 736 1345 814 querela
1373 734 1485 807 audiit,
1514 752 1577 795 ma·

859 834 931 879 num
954 818 992 879 ab
1013 819 1129 897 incepto
1146 818 1244 878 libens
1262 819 1399 877 removit.
1417 818 1458 877 lie
1476 822 1577 876 antem

859 915 930 958 uera
964 899 1124 959 orbiculata
1148 899 1196 959 illa
1221 897 1445 976 disciplinarum
1484 896 1578 956 series

858 979 983 1041 licenter
1002 985 1034 1039 ct
1054 980 1226 1040 calamitose
1247 985 1292 1038 ιοι
1314 975 1519 1039 voluminibus
1539 975 1576 1037 ab

857 1070 1097 1121 coexternorum
1120 1060 1396 1137 bumiuunigenere
1418 1059 1576 1134 consigna·

857 1147 898 1213 ta,
919 1142 969 1219 qui
991 1143 1082 1201 etiam
1112 1158 1182 1202 eum
1210 1152 1313 1201 errarit
1338 1142 1578 1217 suspiciuntura
1628 1182 1631 1187 .

860 1223 963 1282 multis
983 1229 1015 1281 et
1037 1223 1136 1282 nescio
1156 1239 1216 1299 quo
1250 1221 1309 1282 lato
1343 1221 1505 1282 laudantur
1530 1220 1578 1295 (6),

860 1308 943 1362 tauta
965 1303 1142 1380 plerumque
1165 1303 1229 1362 labe
1250 1306 1285 1362 dc
1305 1318 1398 1362 caeno
1430 1298 1581 1363 redunda-

860 1383 919 1452 bat,
943 1390 977 1443 nt
998 1383 1114 1444 lucilius
1135 1399 1208 1442 sanc
1224 1383 1343 1443 Herculi
1365 1383 1465 1454 luerit,
1487 1397 1583 1458 quae·

861 1462 1053 1524 madmodum
1088 1463 1197 1525 lerubt.
1230 1461 1436 1525 foedissimum
1470 1462 1583 1538 Augias

860 1543 1015 1606 stabulum
1036 1544 1151 1624 Alpheo
1183 1545 1275 1606 llario
1307 1545 1443 1605 immisso
1478 1559 1579 1621 repur-

860 1642 940 1704 gare.
1545 1685 1547 1688 ι

902 1702 1579 1785 Solutoitaqueetlibericrianimeiudustriam

862 1802 947 1847 suam
961 1803 1080 1847 omnem
1096 1790 1245 1848 convertit
1256 1789 1293 1848 ad
1317 1789 1423 1857 ingeris
1439 1785 1518 1864 qued
1532 1802 1582 1861 ag·

861 1884 985 1945 gressus
993 1868 1173 1947 iuerutupus
1184 1869 1221 1929 ile
1234 1887 1310 1930 nova
1323 1864 1584 1928 coscitiouvtl

862 1946 992 2008 editione
1008 1949 1067 2008 acri
1082 1966 1153 2010 cura
1168 1958 1199 2009 et
1213 1949 1364 2029 diligentia
1381 1965 1472 2027 quam
1489 1947 1584 2008 maxi·

863 2045 912 2089 ma
938 2031 1189 2107 persequendam.
1219 2030 1365 2102 Quoniam
1392 2036 1495 2089 antem
1523 2042 1580 2087 nec

865 2109 969 2187 sigiliis
997 2126 1051 2169 nec
1075 2113 1156 2173 curis
1186 2111 1324 2188 parcebat
1353 2127 1497 2186 unquam,
1527 2108 1584 2167 alta

859 2185 922 2267 jam
941 2196 1032 2267 atque
1050 2192 1104 2251 alia
1129 2193 1229 2269 operis
1258 2193 1407 2252 inlumina
1434 2188 1470 2249 ad
1502 2198 1588 2266 typo-

864 2270 1009 2348 graphum
1030 2271 1176 2332 Venetam
1196 2275 1373 2332 transmissa
1402 2272 1535 2343 lucrant,
1553 2274 1585 2328 et

865 2366 955 2411 vero:
973 2353 1062 2411 etiam
1080 2352 1249 2430 pregrandi
1270 2353 1361 2421 mole,
1375 2358 1466 2430 atque
1480 2349 1584 2409 editio·

867 2433 914 2489 nis
932 2431 1076 2513 dignitate
1094 2450 1152 2492 nou
1174 2435 1298 2494 nimium
1318 2434 1398 2492 lente
1416 2431 1583 2510 prodibant·

867 2511 925 2572 Sed
946 2519 978 2572 ut
996 2513 1108 2590 reliqua
1126 2517 1206 2587 item,
1225 2531 1302 2592 quae
1321 2512 1483 2573 succedere
1499 2510 1585 2571 dein·

866 2608 938 2671 ceps
955 2592 1111 2665 debebant,
1137 2596 1192 2654 rite
1207 2603 1238 2653 et
1254 2597 1372 2672 copiose
1391 2594 1587 2654 illustraren-

868 2678 925 2746 tur,
939 2690 996 2732 non
1011 2673 1149 2734 mediocri
1162 2674 1306 2736 sedulitas
1318 2683 1409 2753 atque
1420 2671 1584 2734 assiduitas

867 2754 1072 2831 postulabatur
1085 2774 1092 2830 3
1112 2757 1233 2816 inventa
1249 2760 1328 2816 enim
1341 2762 1427 2816 erunt
1439 2756 1468 2814 iii
1479 2752 1584 2814 ordine

861 2833 1032 2913 redigenda,
1057 2835 1335 2897 animadversiones
1352 2846 1443 2915 atquc
1460 2850 1583 2896 enarra·

861 2915 967 2990 tiones,
996 2916 1043 2975 ubi
1066 2925 1216 2994 oporteret
1244 2918 1375 2979 adbibita
1399 2915 1512 2994 judicio
1538 2913 1584 2974 di-

861 2994 1059 3073 spensandae,
1082 3001 1232 3058 recentius
1249 3000 1406 3059 observata
1429 3013 1501 3058 cum
1532 3011 1585 3056 su·

863 3077 1027 3154 perioribus
1042 3076 1222 3140 editionibus
1240 3080 1452 3156 perdiligenter
1477 3076 1580 3136 conie-

863 3156 974 3231 renda,
1003 3158 1128 3218 librariis
1155 3159 1296 3236 taudem,
1314 3177 1351 3221 ne
1381 3155 1582 3220 exscribendo

863 3245 1009 3309 errarent,
1026 3244 1196 3299 accuratius
1223 3258 1347 3302 necesse
1375 3247 1440 3299 erat
1462 3239 1580 3299 adesse.

865 3320 972 3379 Nullus
989 3327 1172 3381 tamencum
1192 3320 1338 3383 deterruit
1356 3318 1587 3391 labendiilicul·

867 3405 998 3460 tuscum
1031 3402 1110 3462 nulla
1140 3402 1303 3462 retardavit
1330 3409 1382 3463 aut
1412 3400 1596 3479 impedivit,

867 3483 1029 3560 quominus
1046 3490 1320 3561 constaiiteraiqae
1339 3485 1426 3544 cuiiie
1445 3485 1473 3541 in
1491 3485 1592 3541 incae-

869 3570 918 3640 pto
936 3573 1153 3641 perseveraret,
1170 3572 1200 3624 et
1216 3567 1333 3626 acutius
1344 3567 1444 3624 omnia
1461 3564 1591 3638 inspice·

869 3649 924 3716 ret,
944 3658 998 3702 nec
1015 3643 1159 3721 quidquid
1190 3646 1368 3723 negligeret,
1392 3662 1451 3722 qun
1481 3646 1510 3702 in
1535 3659 1592 3704 suo

870 3740 979 3802 genere
996 3724 1160 3802 perlectum
1172 3724 1405 3804 absolutumque
1419 3724 1503 3785 reddi
1516 3739 1596 3803 epus

872 3812 984 3882 posset.

911 3885 993 3955 Quae
1010 3882 1159 3946 hactenus
1174 3885 1211 3946 de
1229 3886 1370 3946 litteratis
1385 3888 1488 3947 blansii
1514 3886 1597 3946 labe·

873 3964 955 4024 ribus
972 3969 1028 4026 etsi
1046 3966 1178 4026 breviter
1196 3984 1267 4025 vere
1285 3973 1386 4027 tamen
1404 3976 1434 4027 et
1450 3969 1594 4027 historice

872 4043 1044 4120 dictasunt,
1059 4054 1103 4106 tot
1114 4064 1149 4108 ac
1161 4053 1243 4109 tanta
1257 4047 1388 4125 proiecto
1398 4064 1466 4109 esse
1479 4052 1596 4127 cuique

875 4281 981 4339 fatiche,
994 4281 1043 4332 elie
1057 4283 1089 4332 lie
1102 4285 1224 4346 impreco.
1240 4283 1276 4332 Ed
1293 4297 1307 4333 ι
1325 4283 1360 4332 lui
1372 4286 1481 4348 piurcbd
1491 4288 1521 4336 ed
1538 4288 1600 4350 ogni

875 4349 942 4395 alirn
959 4349 1101 4395 arcordeid
1118 4346 1247 4397 l'eccesso
1266 4349 1291 4395 in
1309 4352 1369 4409 agui
1387 4356 1475 4413 tempo
1495 4353 1526 4399 ed
1552 4363 1601 4399 ers

874 4409 926 4458 alte
944 4409 1095 4458 medeslma.
1108 4408 1142 4457 La
1159 4412 1285 4472 ccirsiglie
1301 4422 1314 4457 ι
1332 4412 1429 4462 salensi
1445 4416 1471 4461 di
1490 4414 1537 4470 liii,
1550 4417 1600 4463 sic·

875 4486 950 4523 come
968 4472 1067 4535 quello,
1083 4473 1100 4521 il
1117 4478 1159 4522 cui
1178 4487 1255 4522 nome
1272 4478 1381 4524 essendo
1397 4480 1528 4537 cospicuo.
1546 4479 1600 4541 pub

874 4540 998 4586 accedere
1016 4537 1045 4584 ad
1064 4539 1123 4598 ogni
1141 4539 1205 4585 eitra
1224 4536 1362 4586 biblioteca
1380 4540 1402 4586 sl
1420 4541 1445 4587 d'
1458 4540 1530 4589 lintis
1548 4540 1599 4590 elie

874 4599 1075 4655 d'Oltranienli,
1103 4612 1181 4649 senes
1211 4601 1260 4648 elic
1277 4614 1323 4663 par
1341 4604 1376 4649 liii
1393 4602 1429 4650 sie
1447 4603 1555 4667 bisogno
1570 4604 1598 4652 di

875 4677 972 4712 terune
992 4665 1247 4713 recremaudezinue.

918 4729 952 4787 (a)
973 4727 1096 4787 apposite
1113 4727 1143 4774 ad
1161 4727 1228 4775 benc
1244 4738 1301 4774 rem
1318 4725 1343 4774 iii
1360 4725 1418 4775 Vile
1436 4726 1601 4780 insenisce-

874 4788 977 4838 slilonei
991 4790 1053 4838 liaec
1064 4792 1170 4849 egregie
1182 4790 1280 4849 scripsit
1297 4788 1455 4840 Fabronius:
1468 4791 1600 4846 Fortasse

875 4858 930 4900 tum
946 4866 999 4900 nen
1015 4850 1119 4899 uidebat
1134 4849 1225 4900 Gallia
1237 4854 1333 4901 multos
1350 4867 1405 4902 esse
1422 4857 1451 4902 in
1467 4856 1599 4916 sinuatio,

875 4915 920 4977 qut¹
936 4915 997 4962 dnm
1011 4913 1198 4976 gloriabantur
1214 4927 1241 4961 sc
1252 4913 1318 4976 jura
1335 4928 1384 4964 suc
1401 4918 1510 4968 reddare
1558 4923 1601 4972 iit-

875 4978 1019 5089 losopqiqq,
1037 4982 1172 5087 :amquam
1187 4975 1277 5038 suriae
1294 4979 1330 5027 ad
1343 4976 1425 5038 funus
1438 4935 1556 5043 reipubb?

873 5052 981 5090 θθῦυθα
1017 5054 1059 5088 “a

1552 5000 1603 5036 008
