3458 5332
116 322 177 386 stt
690 319 1029 385 sunericus

117 438 224 492 netum
253 429 368 491 scilicet
394 434 426 490 et
449 429 601 506 llarogum
632 430 768 507 potuisse
791 431 835 493 sic
890 429 1027 510 debbprrs
1035 422 1602 490 cortroLULLiSl'hSaddeBaluzium

118 530 291 584 monstrose
305 523 446 581 insanire.
459 521 639 598 Quanquam
654 538 713 582 non
728 522 838 583 didita·
889 533 964 587 tom.
983 527 1010 585 4.
1028 541 1094 602 pag.
1114 524 1192 585 4445
1212 521 1251 582 44
1279 522 1367 599 lupis
1391 518 1604 579 444ευί444444-

119 625 172 679 444
199 614 305 676 eodem
332 621 467 692 tempore
500 616 660 692 scripsisse
687 613 837 679 aduersus
888 619 958 692 bus,
974 624 1006 678 et
1022 618 1169 679 bzovium
1178 614 1217 677 ad
1227 618 1285 679 Au.
1301 613 1382 677 tate
1398 630 1484 675 num.
1495 613 1533 674 lV
1544 630 1601 691 seq.

116 708 249 772 eundem
267 725 401 769 errorem
419 707 628 769 DOtllh'lCUbt
645 706 682 768 de
703 707 838 771 44444444-
931 709 1159 775 6444444444444
1175 707 1377 790 Corruptorii,
1389 709 1457 768 sive
1474 708 1603 769 Censura

115 802 168 876 eis,
185 801 223 863 de
240 818 300 879 quo
314 818 406 881 supra
423 819 489 881 pag.
506 799 579 861 6447.
596 803 644 863 Ex
663 802 712 863 illo
725 802 837 880 444444-
889 807 955 868 iibri
984 805 1021 866 dc
1040 802 1154 867 44444444
1174 800 1351 865 conditionis
1377 800 1531 863 4444444444
1550 802 1603 863 Au·

115 898 168 957 rici
185 902 318 958 tractatu
336 896 410 956 baec
435 895 564 957 lacobus
590 896 695 968 Ouetii
721 903 785 956 tom
806 896 835 956 4.
890 918 929 962 no
945 900 1037 962 4396.

114 1008 180 1070 pag.
199 992 270 1053 742.
284 990 344 1051 4444
361 987 523 1066 articulus,
541 990 619 1068 quod
638 989 793 1050 lohannes
804 988 837 1049 vi
929 991 1126 1055 4444344444
1137 989 1318 1067 Eluaidorii,
1329 990 1412 1069 quod
1429 992 1463 1052 S.
1475 991 1603 1055 Aristeu

114 1088 276 1148 verborum
304 1086 422 1147 Cllristi
454 1085 544 1145 luerit
576 1085 702 1146 effectus
732 1084 835 1145 histris
888 1087 943 1150 440
957 1092 1078 1168 praeter
1087 1103 1152 1147 rem
1164 1085 1276 1146 tributa
1286 1087 1401 1164 scripta
1414 1085 1485 1164 legi,
1498 1085 1602 1148 dietum

115 1180 231 1241 Christi
261 1179 342 1241 lilius
370 1179 541 1254 naturalis,
566 1182 601 1237 ut
623 1173 835 1255 praedicitur,
888 1189 938 1244 est
954 1197 1047 1260 supra
1062 1187 1135 1241 tom.
1151 1181 1178 1240 4.
1198 1195 1263 1259 pag.
1285 1177 1353 1240 497.

113 1271 325 1350 haereticalis,
338 1270 543 1334 estarhculus
555 1270 718 1351 44444444,
740 1275 837 1330 44444
929 1272 1082 1355 Epistulae
1098 1272 1141 1333 44
1154 1270 1335 1336 0444444444
1348 1271 1511 1353 Anapum
1523 1292 1602 1354 apen

115 1367 233 1428 4444444
260 1367 407 1429 inuentus.
426 1366 499 1427 Fuit
524 1383 602 1426 enan
625 1365 694 1445 jam
725 1367 836 1425 Romae
892 1373 935 1430 tes
949 1374 1054 1431 contra
1069 1369 1247 1430 electionem
1264 1367 1375 1429 Urbani
1393 1369 1445 1429 444.
1460 1369 1517 1430 hu.
1535 1370 1601 1431 4373

108 1467 270 1541 praesente
297 1463 333 1522 D.
357 1462 476 1523 Urbano
504 1462 548 1535 V,
578 1465 701 1520 sanctae
727 1475 836 1518 memo·
889 1462 967 1524 adde
995 1463 1153 1524 Baluzium
1184 1461 1222 1523 ad
1251 1463 1347 1540 Papae
1379 1459 1600 1524 hvenionenser

116 1555 184 1616 riae
211 1557 316 1637 Papa,
334 1573 392 1637 per
421 1553 569 1635 quendam
599 1553 780 1633 4449444444
806 1551 837 1610 44
889 1574 956 1636 pag.
979 1556 1068 1618 ⁴235.

115 1647 271 1728 Theohpia
285 1649 409 1710 Ordinis
425 1652 572 1710 4444444444
582 1646 791 1728 praedicatus,
808 1649 837 1706 44
931 1651 1046 1714 Contra
1072 1649 1214 1711 emissum
1233 1649 1292 1710 4444.
1310 1650 1391 1711 tiss
1421 1648 1455 1710 in
1482 1649 1600 1712 44444444

113 1742 192 1804 idem
208 1743 394 1805 Praedicans
407 1742 575 1824 (atipatus,
590 1747 626 1803 ut
639 1740 745 1802 audiar
762 1760 782 1801 4
798 1741 834 1800 D.
885 1760 944 1824 per
963 1745 1079 1824 Papam
1097 1743 1292 1804 benedictum
1309 1747 1339 1803 et
1351 1741 1596 1823 Cardinalespm

115 1836 278 1899 Cardenali
292 1837 446 1899 Hostiensi
458 1834 540 1898 illius
556 1835 701 1917 tensporis
713 1836 836 1897 Ordinis
889 1838 1064 1900 missorium
1066 1839 1322 1918 iuramentumet
1330 1841 1443 1898 444444
1450 1836 1593 1916 Epistulas

112 1931 355 1995 Praedicatorum
369 1929 701 2010 (GuilelmoSudreiqui
709 1927 836 1989 multum
890 1932 1110 1994 parisiensium
1121 1932 1348 2011 Eapisuomm
1363 1930 1476 1993 Contra
1486 1931 1590 1992 444444-

111 2026 221 2090 audire
246 2025 358 2088 4444444
384 2024 551 2086 articulum
576 2022 779 2098 abhorrebat,
808 2029 838 2084 et
888 2027 1007 2089 44444444
1025 2025 1240 2099 Parisiensem,
1255 2023 1590 2104 DElEcclesiamimpa

115 2125 213 2206 ipsum
246 2121 313 2203 sore
343 2118 553 2181 haereticalem
579 2115 748 2180 asserebat.
775 2119 835 2180 4444
886 2118 1410 2201 9444444444444444444444444444
1418 2120 1592 2200 muamus.

115 2218 206 2279 444444
224 2213 376 2276 articulus
398 2212 461 2294 [uit
472 2211 669 2294 praedicatas
685 2210 835 2273 4444444444
929 2218 1089 2277 tractatus
1127 2217 1232 2275 444444
1265 2213 1471 2294 praefiqentes
1498 2219 1594 2275 4444444

109 2327 208 2391 nuper
222 2327 281 2392 per
297 2309 481 2388 Episcopum
497 2310 744 2386 Perpumensem,
768 2308 834 2368 lla
890 2309 1051 2369 4444444444
1064 2308 1135 2388 finis
1157 2305 1279 2386 Mundi,
1297 2308 1335 2368 ad
1362 2311 1528 2385 loannem,
1552 2314 1593 2373 Co

108 2406 241 2487 pisinum
258 2404 290 2464 in
309 2401 463 2482 Theolopia
475 2447 482 2477 ,
496 2401 588 2462 etiam
604 2400 725 2462 Ordinis
742 2403 834 2461 ilino·
888 2406 997 2465 mitem
1015 2404 1245 2476 hmouriarum,
1264 2401 1321 2462 An.
1342 2403 1434 2463 43944.

113 2518 202 2575 rum,
231 2515 278 2558 me
303 2501 484 2576 praesente,
514 2494 674 2570 audiente,
704 2500 733 2554 et
765 2511 835 2554 cum
929 2495 1224 2575 Conhadstrolopos
1238 2495 1394 2574 imperitos
1407 2502 1593 2577 4444444444

116 2592 272 2672 4449444444
296 2590 366 2652 aliis
391 2589 574 2652 reclamante
601 2606 706 2649 coram
732 2589 767 2648 D.
799 2588 832 2648 P.
864 2591 1033 2652 ·manticos
1050 2590 1085 2650 de
1101 2589 1226 2651 occultis
1238 2608 1404 2671 perperam
1414 2590 1592 2671 judicans,

116 2689 274 2750 Clemente
290 2686 352 2746 vii.
370 2686 429 2762 Qui
441 2685 608 2764 Episcopus
632 2683 664 2742 in
679 2680 834 2743 collatione
888 2685 924 2747 ad
952 2686 1098 2745 Thomam
1128 2686 1284 2757 Ulziuam,
1302 2684 1428 2746 Ordinis
1446 2687 1593 2753 itinerum,

109 2786 179 2862 post
195 2779 362 2861 proredium
378 2776 438 2858 suit
452 2795 511 2859 per
531 2777 695 2855 Eopistros
717 2776 760 2836 sic
777 2774 834 2835 du·
887 2782 976 2858 Regis
997 2780 1162 2859 aragoniae
1177 2779 1402 2839 Coniessorem.
1427 2780 1484 2839 444.
1506 2779 1581 2839 4395.

113 2876 181 2935 rius
203 2875 412 2952 affrontatus,
435 2877 470 2931 ut
497 2870 593 2952 suerit
619 2869 723 2951 fossus
754 2868 836 2948 quod
927 2874 1028 2952 Super
1068 2871 1270 2933 declaratione
1296 2872 1381 2933 llllll
1414 2870 1595 2933 articulorum

112 2985 170 3028 444
184 2971 308 3048 poterat
323 2964 491 3046 deformare:
510 2961 687 3025 redibidum
699 2980 759 3041 per
774 2965 833 3024 Pa·
887 2966 1029 3046 alapiam·
1044 2966 1289 3036 Sententiarum,
1304 2963 1465 3045 inquibus
1481 2981 1595 3026 444444

110 3079 183 3141 pam
199 3059 321 3141 sortiter
337 3057 548 3140 reprehensus,
565 3058 601 3119 de
612 3060 677 3140 ejus
691 3057 833 3118 44444444
888 3061 967 3122 niter
983 3079 1042 3121 non
1059 3066 1184 3121 4444444.
1204 3062 1251 3121 An
1280 3060 1369 3121 4397.

113 3161 235 3218 coactus
249 3161 295 3216 est
309 3171 464 3229 reuocare,
487 3161 516 3214 et
528 3151 665 3214 44444444
680 3158 710 3213 44
727 3152 833 3213 merito
928 3155 1094 3216 4444444444
1110 3154 1212 3216 Stadii
1237 3153 1402 3216 Ilerdensis
1433 3173 1524 3235 super
1548 3154 1594 3216 xx

113 3249 295 3329 abjurasse,
314 3247 376 3311 nisi
394 3252 537 3309 exortum
563 3245 700 3309 84444444
716 3246 833 3306 mutter
887 3252 1022 3313 articulis
1039 3266 1092 3328 per
1109 3249 1262 3327 quendam
1288 3248 1486 3311 ANTONthi
1504 3251 1595 3310 444444.

115 3347 146 3405 444
163 3343 300 3405 Ecclesia
316 3360 385 3404 eum
400 3341 577 3423 adjuvisset.
601 3344 704 3418 Quare
726 3346 832 3401 contra
887 3344 1258 3407 studentemilalentinum
1272 3343 1342 3402 inibi
1356 3345 1525 3418 seminatis,
1535 3357 1593 3402 cum

114 3444 284 3501 assertores
300 3435 424 3498 articuli
438 3435 582 3496 antedicti
594 3440 656 3507 est,
680 3433 733 3495 sed
747 3435 832 3513 juste
885 3437 1152 3500 bullaGllEGOltll
1164 3436 1320 3507 Xl,eidem
1332 3439 1470 3516 opposita
1477 3437 1510 3499 h.
1521 3437 1593 3500 4395.

115 3539 143 3592 et
148 3531 284 3612 juridice
294 3529 523 3612 procedendum.
909 3531 1059 3614 Confessio
1082 3530 1169 3592 Fidei
1185 3529 1378 3593 Christianae
1396 3533 1454 3592 An.
1474 3534 1557 3595 4396.
1623 3596 1626 3602 ,

153 3627 281 3687 Caetera
294 3625 445 3703 Eymerici
464 3627 575 3704 scripta
592 3624 719 3697 inedita,
738 3624 832 3686 uude
898 3623 1595 3706 ContracalumniantespraeeminentsamCilri·

114 3720 174 3779 cim
192 3720 273 3779 enim
297 3719 455 3779 Volumina
473 3721 503 3778 in
529 3721 577 3780 iol.
603 3720 684 3780 MSta
706 3721 735 3777 in
756 3720 833 3780 Con·
886 3722 928 3782 sti
942 3726 972 3781 44
987 3720 1116 3799 Virpmis
1134 3718 1244 3782 4444444
1261 3719 1337 3800 ejus.

114 3820 212 3874 ventu
227 3814 491 3875 Dominicanorum
505 3812 694 3874 Gerundeusi
710 3830 833 3873 servan·
925 3816 969 3875 444
998 3813 1182 3874 admiranda
1215 3812 1452 3891 sanctificatione
1484 3815 1597 3875 EElet

113 3915 187 3984 tur,
209 3912 283 3969 sunt
311 3906 451 3967 Postillae
479 3907 644 3976 litterales,
662 3909 728 3965 sive
745 3907 833 3967 Com·
886 3909 1022 3971 Hominis
1050 3907 1220 3981 (4444444444,
1247 3906 1284 3967 44
1309 3909 1472 3969 4444444444
1500 3910 1597 3988 limgo

116 4003 254 4063 4444444444
269 3999 301 4060 in
316 3999 524 4076 4444444444,
541 4001 689 4073 Marcum,
703 4002 831 4074 Lucam,
887 4007 954 4065 niae
968 4005 1081 4082 Regem
1098 4001 1157 4063 An.
1174 4001 1263 4063 4396.

112 4093 284 4155 iohannem.
320 4092 486 4175 Epistulam
522 4093 565 4154 ad
594 4097 762 4165 itomanos,
792 4093 834 4154 ad
925 4098 969 4157 lte
985 4094 1099 4175 duplica
1115 4098 1231 4154 natura
1247 4093 1278 4153 ia
1301 4095 1443 4170 04444444,
1458 4105 1492 4158 et
1506 4096 1598 4158 detri-

115 4188 262 4264 Calatos‚
280 4188 322 4250 ad
334 4185 496 4249 Hebraeos.
887 4189 942 4251 bus
957 4191 989 4251 in
1000 4189 1080 4250 DEO
1093 4187 1243 4271 personis,
1255 4205 1310 4251 seu
1321 4207 1363 4249 an
1373 4191 1598 4253 8444444444

157 4288 317 4346 Tractatus
328 4287 436 4343 cantro
445 4284 630 4343 Daemonum
637 4287 833 4356 invocatores,
886 4281 1097 4344 Eucharistiae
1113 4281 1155 4342 sit
1170 4283 1263 4342 Pater
1281 4289 1310 4342 et
1324 4281 1423 4345 44444444
1433 4291 1464 4346 44
1475 4285 1599 4369 spirim

114 4387 146 4438 et
162 4376 199 4438 de
219 4375 432 4437 iurisdictione
452 4375 603 4437 Ecclesiae
624 4380 657 4436 et
675 4375 835 4454 lnqur'sito·
887 4381 1126 4441 Sanctuscontra
1138 4375 1277 4437 haeresin
1290 4376 1400 4439 PETRI
1413 4380 1600 4442 SElPLthS

113 4489 185 4531 rum
202 4475 310 4531 contra
328 4466 638 4550 infidelesdaemonia
652 4468 831 4530 inuocantes:
887 4471 977 4534 Sillae
1006 4472 1137 4532 Pastoris
1164 4469 1202 4530 ad
1229 4470 1409 4533 Valentiam.
1431 4473 1489 4534 hu.
1510 4475 1599 4545 4389,

113 4572 144 4624 et
161 4569 267 4624 contra
281 4561 413 4645 infideles
430 4568 549 4642 apentm
570 4568 676 4623 contra
696 4569 831 4649 44444444
886 4564 963 4627 adde
990 4565 1103 4625 Baluzii
1121 4565 1216 4641 Papus
1241 4562 1474 4628 Aveniouenses
1491 4575 1559 4630 tom.
1577 4570 1599 4628 4.

115 4663 248 4717 sanctam
266 4657 378 4718 Eidem,
887 4676 952 4738 pag.
972 4658 1070 4729 4368,
1089 4671 1152 4734 seq.

115 4747 117 4751 ⁴
154 4751 314 4840 Tractatus
330 4756 436 4812 contra
451 4750 661 4832 dicipulatus,
684 4749 721 4811 ad
736 4750 833 4812 Abba·
927 4752 969 4811 Oe
976 4754 1099 4831 peccato
1113 4747 1258 4828 oripinali
1270 4757 1301 4811 et
1318 4750 1355 4812 de
1372 4755 1557 4835 surreptione
1572 4755 1599 4814 E.

115 4844 177 4900 tem
190 4843 337 4905 hosarum
362 4843 576 4924 Ampuriarum
600 4846 728 4907 Comitis
754 4845 834 4907 Can·
890 4845 1042 4924 Virpinis,
1060 4844 1097 4906 ad
1116 4845 1305 4906 Clementem
1320 4847 1384 4908 vti.
1405 4848 1461 4910 hu.
1483 4850 1564 4911 4334.

114 4931 286 4994 cellarium.
928 4940 971 4997 444
989 4943 1138 5017 potestate
1160 4935 1270 5016 Papali
1288 4955 1344 5001 seu
1370 4944 1484 5003 4444444
1513 4941 1600 5004 rom

160 5023 273 5085 Contra
287 5024 454 5087 doctrinam
469 5030 642 5109 Rapmundi
654 5033 762 5093 444444
780 5075 786 5106 ,
804 5038 836 5090 et
886 5029 964 5110 ficis.
