3458 5332
223 416 225 420 ,
636 368 702 430 CH
718 370 744 430 ll
760 370 784 432 L
798 368 821 432 C
835 371 849 432 l
862 370 889 432 D
903 370 944 433 ll
1140 456 1143 460 ‚
1470 375 1530 439 343

146 492 252 538 444444
272 476 350 537 4490
369 477 491 555 scripsit
507 491 583 555 opus
604 493 638 537 ea
659 483 759 538 aetate
851 475 967 539 Alanus
984 476 1177 541 auhuman
1191 480 1313 555 (Latino
1329 483 1450 543 nomine
1466 481 1533 544 hu-

152 578 246 648 atque
263 586 301 630 ex
319 569 398 645 illis,
416 575 450 630 nt
467 571 531 648 ipse
548 572 608 645 ait,
626 586 704 649 qnae
720 569 762 630 ao
813 571 923 651 lllGh,
940 573 1005 632 sive
1021 571 1402 651 hUlllGhlilUSiBegum
1419 576 1535 637 Galliae·
1626 570 1636 586 ⁹

146 681 179 724 m
199 661 412 723 declamatorie
436 661 621 741 prodidisset
643 669 761 723 contra·
814 665 912 727 Caroli
929 666 966 728 Vl
982 673 1013 726 et
1029 668 1080 727 Vll
1096 685 1113 728 a
1128 669 1272 744 secretis,
1291 665 1370 727 diem
1387 662 1458 729 obiit
1476 667 1533 729 An.

146 772 169 818 ic
184 755 337 835 digestum
353 755 489 834 partibus
503 762 633 834 quatuor
645 776 651 815 :
663 773 763 817 44444-
817 761 914 836 tiss,
931 761 1039 822 aetatis
1059 760 1108 826 72.
1129 761 1217 822 Plura
1239 762 1359 839 scripsit
1375 760 1486 822 Gallice
1504 769 1535 822 et

152 865 247 929 snper
263 845 369 908 ludam
385 847 606 926 scacchorum,
621 847 657 910 de
673 849 764 910 mori·
816 856 920 916 Latine
932 900 940 932 ,
953 871 1031 933 quae
1042 855 1170 932 junctim
1185 852 1264 914 edita
1279 860 1404 913 curante
1415 852 1535 914 Andrea

146 940 267 1012 aninam
284 946 312 1002 et
335 941 440 1024 officiis
460 939 603 1003 nobilium
625 947 654 1003 et
668 960 765 1023 popu·
818 946 859 1008 du
876 946 1016 1024 Chesne,
1032 947 1151 1008 Parisiis
1179 947 1274 1016 4647,
1293 945 1320 1004 4.
1332 965 1344 1021 ,·
1368 946 1399 1005 444
1426 944 1536 1023 quibus

146 1055 161 1096 4.
177 1036 326 1107 Quoniam
341 1053 414 1096 vero
428 1036 548 1097 Ludum
563 1036 764 1098 Sc'aechorum
818 1041 983 1119 Descriptio
999 1040 1129 1115 Galliae,
1145 1039 1343 1118 Quadrilogus
1365 1041 1537 1101 invectivus

168 1131 259 1190 etiam
279 1127 486 1206 tessellarnm,
504 1129 573 1189 hinc
592 1130 704 1191 iactum
722 1131 767 1190 vi·
820 1135 850 1195 in
867 1133 1041 1196 Eduardum
1057 1135 1096 1195 lll
1111 1133 1233 1212 Angliae
1247 1135 1375 1209 Regem:
1393 1130 1537 1211 Diolopns

174 1231 210 1286 ut
231 1240 345 1285 nomen
366 1226 481 1285 auctori
503 1223 649 1284 tributum
677 1224 766 1285 luerit
817 1225 982 1309 familiaris
997 1227 1090 1288 amici
1108 1232 1137 1287 ct
1156 1224 1379 1304 sodalissuper
1400 1224 1536 1307 deplora-

146 1315 240 1392 rellis,
258 1317 339 1378 unde
361 1318 410 1378 alii
429 1317 571 1402 ,lecerunt
587 1313 623 1376 de
644 1315 766 1378 Thessa·
820 1319 896 1380 tione
908 1318 1039 1380 Gallicae
1061 1316 1424 1399 calamitatis:lipistolae
1435 1319 1471 1379 ele
1488 1317 1538 1379 de-

146 1411 172 1471 44
200 1409 236 1471 de
266 1408 494 1486 Thessalonica,
521 1416 556 1470 ut
581 1410 765 1472 Trithemius
819 1412 972 1474 testatione
993 1411 1063 1473 belli
1081 1410 1191 1473 Gallici
1210 1416 1239 1474 et
1262 1411 1403 1472 suasione
1425 1409 1534 1471 Pacis:

146 1505 192 1564 04.
210 1502 348 1565 Prodiere
365 1504 421 1570 hae
440 1503 642 1580 moralitates,
656 1503 769 1586 hledio-¹
817 1508 944 1568 Historia
958 1507 1052 1569 Caroli
1066 1507 1103 1568 Vl
1118 1513 1149 1567 et
1162 1501 1228 1567 Vlll
1246 1505 1284 1565 ab
1300 1504 1388 1565 Anno
1405 1505 1482 1566 4408
1497 1504 1533 1564 ad

146 1597 207 1659 479.
228 1597 277 1657 444.
299 1603 331 1657 44
351 1603 513 1659 servantur
533 1598 633 1659 MStae
650 1598 680 1656 in
696 1598 764 1675 plu·
818 1600 896 1662 4455
917 1600 1024 1678 (cujus
1040 1603 1142 1661 tamen
1159 1614 1267 1660 verum
1289 1604 1443 1658 auctorem
1461 1597 1539 1656 Bon-

146 1691 332 1753 bibliothecis
353 1691 485 1766 Galliae,
501 1689 625 1771 hngliae
643 1698 674 1751 et
690 1691 763 1752 Ger·
816 1691 945 1754 44444444
964 1699 1066 1772 postea
1087 1699 1274 1771 compertum
1302 1698 1386 1766 notat
1406 1691 1535 1752 lacobus

146 1803 177 1859 4,
193 1802 323 1862 quarum
351 1784 477 1846 Codices
501 1784 700 1864 designantur
724 1783 762 1845 ab
817 1787 844 1847 le
855 1787 993 1865 Long,in
1005 1786 1185 1847 Bibliotheca
1201 1786 1411 1847 historicorum
1423 1785 1537 1846 Galliae

146 1895 156 1939 4
172 1884 254 1938 tomo
271 1879 331 1955 lll,
356 1895 422 1958 pag.
451 1877 519 1938 627:
548 1893 611 1956 seq.
629 1883 661 1937 et
677 1894 695 1938 a
714 1878 763 1938 Ja-
815 1898 881 1960 pag.
896 1879 981 1956 375).
995 1879 1173 1957 Genealogia
1189 1880 1304 1957 Regum
1319 1877 1431 1938 Galliae
1446 1896 1464 1938 a
1477 1877 1538 1938 Lu·
1565 1931 1568 1938 .

146 1971 269 2033 ichardo
286 1978 358 2031 tom.
376 1973 398 2030 1.
415 1970 614 2038 Bibliothecae
633 1971 765 2031 Domini·
815 1973 920 2034 dorico
936 1974 1046 2035 Sancto
1063 1971 1099 2032 ad
1114 1971 1255 2032 Garolum
1269 1972 1321 2031 Vll
1337 1977 1368 2030 et
1384 1970 1421 2030 de
1438 1971 1537 2030 entin-

146 2083 183 2127 im
204 2083 270 2145 pag.
299 2063 351 2127 474
384 2071 414 2124 44
442 2070 522 2124 tomo
543 2065 589 2140 44,
608 2081 675 2143 pag.
692 2064 760 2125 848.
816 2069 913 2127 444444
939 2064 1013 2127 laiso
1040 2065 1192 2145 praetensi
1216 2062 1294 2141 juris
1318 2063 1482 2142 hnglorum
1505 2066 1535 2121 44

146 2161 187 2239 [ui
207 2160 298 2219 etiam
319 2157 414 2218 videri
436 2163 535 2235 potest
555 2156 593 2218 de
623 2158 762 2219 versione
817 2160 962 2220 Galliam:
992 2159 1103 2242 Pompa
1127 2158 1282 2236 ingressus
1309 2156 1405 2217 Caroli
1428 2155 1481 2215 Vll
1509 2156 1539 2214 in

146 2253 282 2331 oduplici
294 2269 311 2312 a
321 2252 603 2330 loanneBuvignay
613 2252 763 2311 etJoanne
818 2254 922 2314 urhem
937 2253 1086 2314 Lutetiam
1103 2251 1172 2310 lacti
1186 2248 1273 2310 huno
1286 2246 1373 2310 4437.
1389 2248 1465 2327 Spes
1483 2244 1539 2308 seu

146 2361 258 2418 ro‚nec
286 2362 344 2403 non
373 2344 410 2404 de
436 2341 563 2417 italico,
587 2342 655 2420 (74.
684 2357 762 2421 saec.
817 2346 978 2408 consolatio
998 2347 1089 2406 trium
1110 2340 1278 2404 virtutum:
1300 2342 1419 2403 Curiale
1442 2341 1538 2403 Galli-

146 2438 226 2500 edita
248 2438 415 2498 Florentiae
431 2436 488 2497 An.
508 2437 604 2512 tiss,
623 2437 648 2495 l·
667 2435 715 2516 fig·
732 2442 763 2496 et
817 2458 906 2517 cum,
934 2447 965 2502 et
986 2439 1125 2502 Carmina
1149 2438 1240 2498 varia.
1263 2437 1389 2515 Scripsit
1418 2449 1540 2513 quoque

148 2535 198 2593 ani
226 2531 303 2593 4889
316 2533 362 2608 ,8.
380 2531 427 2610 hg.
439 2530 447 2605 i
461 2578 467 2607 ,
483 2531 562 2591 sicut
578 2529 616 2589 de
641 2527 764 2589 Genna-
819 2535 937 2596 Statum
952 2533 1063 2594 Galliae
1079 2549 1139 2610 quo
1157 2531 1213 2591 luit
1228 2530 1309 2591 exilii
1321 2530 1369 2590 sui
1384 2535 1540 2607 tempore,

146 2626 396 2706 upllGLPPOSfllia
414 2624 517 2694 314943,
527 2624 621 2687 altera
637 2623 764 2685 Conradi
820 2646 910 2708 quem
932 2628 1041 2689 librum
1062 2626 1121 2687 MS.
1144 2629 1290 2685 memorat
1316 2621 1458 2684 laudatus
1479 2622 1542 2682 lae.

146 2719 366 2784 mmenhusen,
379 2718 512 2779 Monachi
534 2722 565 2776 et
582 2717 766 2795 Presbyteri,
820 2722 847 2783 le
860 2723 1034 2800 Longnum.
1047 2719 1153 2781 44000.
1165 2718 1278 2778 Omitto
1295 2714 1394 2777 dicere
1411 2714 1449 2774 de
1466 2716 1541 2775 scri-

146 2813 287 2873 micahlS.
303 2813 331 2870 in
347 2811 528 2871 Bibliotheca
544 2811 689 2873 Caesarea
707 2809 768 2870 adi·
794 2880 799 2890 ,
821 2821 906 2895 ptore
917 2812 1080 2876 eorundem
1092 2818 1261 2889 temporum
1272 2808 1418 2869 historico
1427 2808 1542 2868 loanne

146 2906 196 2966 :bit
210 2904 401 2965 Lambecium
413 2909 485 2963 tom.
501 2905 526 2963 ll
539 2920 605 2982 pag.
616 2904 685 2963 848.
703 2919 766 2981 seq.
822 2908 1010 2970 CHARTlER
1023 2951 1030 2982 ,
1044 2908 1109 2966 sive
1124 2900 1399 2977 QUADRIGABIO,
1414 2902 1484 2980 quia
1498 2902 1545 2960 ni-

146 3015 225 3060 ›meu
242 3014 420 3076 expressum
437 2994 473 3056 de
491 2993 629 3073 casalis,
651 2997 705 3057 sed
721 3014 768 3056 re·
823 3001 864 3062 hil
884 3003 987 3062 Latine
1004 3001 1041 3060 ab
1057 3016 1092 3060 eo
1109 2999 1158 3059 vel
1180 2997 1399 3075 compositum,
1416 2994 1465 3054 vel
1482 2992 1545 3054 edi-

146 3089 177 3154 le
196 3090 324 3154 Cessatis
341 3093 451 3151 iterum
468 3107 533 3168 pag.
552 3089 619 3150 877.
821 3102 887 3156 tum
904 3094 1009 3172 reperi
1025 3094 1069 3152 De
1085 3091 1206 3151 Gallicis
1226 3088 1295 3148 vide
1317 3086 1447 3148 eundem
1467 3087 1544 3145 Lon·

146 3186 279 3248 4404044
289 3185 460 3244 versionem
471 3185 605 3243 Latinam
616 3185 709 3261 partis
722 3181 766 3242 Ti·
821 3204 893 3265 gum
907 3204 989 3248 num.
1001 3184 1090 3246 7402.
1101 3183 1178 3244 7344
1190 3187 1221 3244 44
1232 3181 1385 3242 Oudiuum
1398 3184 1470 3238 tom.
1487 3178 1542 3255 111,

147 3278 313 3355 Platonici,
340 3276 576 3355 adiunctumque
604 3276 766 3338 abeodem
819 3296 885 3360 pag.
902 3279 989 3342 9554.
1007 3295 1091 3357 seqq.

147 3370 297 3435 eutarium
308 3372 541 3433 emendatiorem
560 3378 590 3432 et
608 3374 687 3432 notis
700 3372 767 3431 illu·
861 3372 1137 3446 CHARTUlTlUS,
1158 3371 1184 3447 a)
1206 3385 1261 3430 seu
1281 3365 1540 3441 euhantuTUS,

145 3486 175 3528 m
192 3467 271 3529 edidi
285 3466 321 3527 ad
337 3468 449 3527 calcem
459 3466 626 3527 voluminis
641 3463 766 3526 secundi
822 3469 989 3547 Episcopus
1005 3469 1036 3526 in
1052 3466 1203 3544 Hungaria
1223 3464 1300 3523 circa
1322 3459 1444 3521 hnnum
1463 3456 1541 3520 4400

148 3579 179 3621 m
197 3562 227 3623 S.
244 3561 415 3640 Hippolyti,
432 3559 592 3637 Hamhurgi
605 3556 699 3619 4748.
717 3558 765 3618 444.
823 3561 943 3640 scripsit
957 3560 1019 3638 iam
1036 3558 1206 3638 decrepitus
1225 3554 1315 3634 jussu
1334 3553 1405 3631 Regi
1422 3553 1543 3630 ilunga-

145 3658 254 3734 riptore
275 3657 340 3732 ipso
363 3661 394 3714 et
415 3652 562 3732 prioribus
587 3650 766 3736 editionibus
821 3671 921 3715 rorum
940 3655 1059 3730 octavi,
1074 3652 1269 3725 Colomanni,
1286 3649 1336 3726 qui
1355 3647 1391 3708 ab
1408 3646 1443 3707 h.
1463 3646 1541 3708 4094

146 3749 178 3810 b.
202 3750 230 3808 3.
257 3747 456 3809 Bibliothecae
477 3747 599 3808 Latinae
619 3746 716 3822 capite
737 3743 764 3805 7.
820 3747 858 3810 ad
887 3748 975 3810 4444.
1005 3748 1172 3827 hungariae
1204 3744 1349 3826 praefuit,
1381 3739 1541 3819 eidemque

146 3845 216 3905 onui
234 3842 291 3902 sub
311 3841 410 3920 quarti
428 3856 498 3900 eum
517 3838 627 3899 saeculi
651 3839 764 3899 vixisse
819 3843 890 3923 Regi
907 3840 1056 3902 4444444444
1069 3838 1163 3914 vinno
1176 3840 1266 3916 aegis
1283 3835 1444 3897 christiani
1456 3835 1540 3893 liun-

157 3942 189 3998 et
205 3936 275 3996 licet
291 3933 429 3994 videatur
445 3932 570 3993 dubium
586 3931 764 4009 relinquere,
819 3951 958 4015 garorum
976 3934 1063 4012 primi
1076 3934 1107 3994 S.
1123 3927 1281 4010 Stephani,
1296 3943 1387 4005 quam
1404 3925 1458 3986 sed
1474 3942 1541 3985 mu-

146 4081 149 4090 .
166 4031 240 4091 satis
251 4029 339 4089 elaris
358 4025 474 4088 indiciis
483 4024 665 4104 deprehendi
681 4025 766 4087 Chri·
818 4035 880 4092 tato
896 4028 995 4106 stylo,
1011 4033 1044 4088 ut
1059 4026 1136 4085 malo
1152 4039 1233 4083 more
1251 4021 1327 4081 solet
1345 4020 1461 4093 lacere,
1476 4016 1539 4078 edi·

146 4142 186 4184 m.
197 4124 279 4195 Quae
290 4138 343 4201 pro
353 4121 500 4181 contraria
512 4121 662 4180 sententia
677 4121 764 4181 aller-
817 4125 861 4185 dit
878 4123 985 4184 Surius
1001 4121 1040 4183 40
1057 4118 1195 4197 Augusti.
1217 4115 1264 4176 Ex
1289 4114 1395 4188 Surio,
1412 4119 1447 4171 ut
1471 4112 1536 4190 ipse

146 4215 210 4279 eoa
237 4218 310 4275 viris
327 4215 548 4288 celeberrimis,
575 4212 713 4291 Gooieto,
735 4215 762 4288 a)
818 4213 1191 4299 profitetur„Bongarsius
1211 4212 1290 4270 inter
1311 4207 1472 4286 scriptores
1493 4221 1540 4264 re·

153 4312 289 4391 inprimis
306 4309 343 4370 ab
359 4307 561 4369 eruditissimo
583 4308 761 4370 Gudworthi
817 4329 885 4374 rum
902 4311 1137 4390 Hungaricarum
1158 4322 1224 4385 pag.
1241 4304 1309 4366 268.
1326 4303 1396 4364 4480.

146 4412 229 4477 rete,
246 4405 274 4481 b)
296 4421 331 4464 ea
348 4400 516 4480 expendere
535 4401 671 4478 iuvabit,
692 4419 761 4464 cum
856 4402 1011 4468 Tll0lth
1027 4400 1282 4467 GithNBELBR
1298 4392 1535 4473 (candelarinsf

145 4508 258 4577 ratque
273 4499 409 4560 ultimam
426 4495 623 4557 bibliothecae
641 4497 762 4557 Latinae
816 4501 931 4580 Anglus
943 4544 950 4575 ,
960 4497 977 4576 ¹(
987 4495 1133 4567 Lelando,
1146 4494 1250 4568 Baleo,
1262 4494 1359 4553 Pitseo
1372 4536 1378 4568 ,
1393 4486 1534 4549 Goodwi·

146 4612 205 4656 1em
222 4592 331 4671 praelis
350 4592 537 4651 committere
554 4588 681 4649 dabitur·
816 4611 875 4672 44,
896 4595 1042 4673 aliisque,
1063 4593 1154 4652 etiam
1174 4587 1280 4649 Vossio
1301 4584 1378 4645 male
1399 4579 1536 4643 4044444-

146 4703 212 4748 ones
229 4685 436 4760 CllhitLlEB,
455 4685 549 4760 inira,
566 4682 726 4744 GEBSON.
815 4689 888 4751 NEs
904 4689 933 4766 b)
950 4684 1244 4760 calumme),
1262 4679 1385 4742 Gummi
1405 4675 1536 4755 discipu.

853 4833 879 4898 a)
896 4835 996 4884 vossius
1011 4835 1074 4882 illst.
1089 4835 1142 4880 Lat.
1160 4841 1218 4893 pag.
1228 4827 1284 4878 582.
1296 4829 1358 4876 bar.
1373 4800 1536 4888 oznttttnger

146 4918 312 4969 :ontinuntiou
328 4916 370 4966 des
388 4916 519 4963 memolres
530 4915 561 4964 de
577 4915 726 4965 litterature
739 4917 763 4962 et
808 4913 920 4972 hunger.
936 4908 1064 4958 litteratae
1080 4905 1210 4980 4441100.
1227 4899 1342 4952 Prancol.
1361 4898 1431 4949 4744.
1447 4898 1472 4949 4.

146 5006 169 5044 44
185 4999 248 5043 tom.
267 4995 274 5038 t
292 5006 317 5054 p.
335 4990 389 5039 148.
405 4999 461 5051 seq.
852 4982 880 5045 4)
896 4983 958 5033 vide
981 4984 1083 5031 nrrtoml
1109 4980 1186 5031 wood
1202 4980 1371 5040 instauratos
1397 4977 1536 5027 orontem.

147 5082 188 5132 ag.
204 5067 261 5118 744.
277 5080 329 5129 seq.
351 5065 382 5115 ad
399 5078 454 5125 cap.
472 5066 511 5112 lv.
527 5067 550 5126 s
567 5065 607 5115 Bb.
811 5068 873 5110 tom.
891 5062 911 5107 11
929 5071 987 5120 pag.
1005 5057 1061 5109 440.
1079 5057 1136 5108 441.
