3464 5318
678 334 947 399 COLUMNA
1083 347 1090 351 ’
1502 341 1562 401 373

59 439 156 505 lamba
172 442 279 504 scritta
295 440 336 502 cla
352 440 442 520 46494
459 440 555 504 Bassi.
573 443 679 504 liilana
697 445 785 519 4848,
841 461 880 505 66
897 451 999 505 666446
1026 449 1057 505 64
1084 445 1121 504 66
1149 443 1215 505 64446
1231 442 1298 521 ejus
1323 445 1443 524 scriptis
1459 445 1562 533 italice

57 539 86 597 8.
97 538 146 614 03.
153 540 298 617 Spaturao
310 535 381 598 Cad.
392 533 530 599 Columbo
541 535 718 598 Americouo
730 537 783 610 ec.)
840 538 929 599 editis
944 538 1065 601 disserit
1085 544 1157 598 tam.
1177 540 1209 613 1,
1227 538 1427 599 Bibliothecae
1444 538 1562 600 Siculae

97 631 287 691 Frauciscus
305 631 552 704 uolubilitas
566 632 717 692 amoribus
732 632 785 690 Po-
840 649 904 709 pag.
926 632 993 695 267.
1027 634 1092 707 (84.
1121 631 1231 693 Prodiit
1257 631 1416 691 italicaiu
1444 630 1563 692 4666446

56 727 134 800 1466,
151 726 278 803 44434646
296 724 403 785 nabilis
419 726 607 801 Tarvisiuae,
625 723 786 784 POLlPHl·
841 726 927 784 4484.
946 726 993 787 464.
1011 733 1043 785 64
1060 727 1168 785 iterum
1184 721 1271 801 juxta
1288 721 1388 786 Cadio.
1406 725 1466 784 448.
1484 724 1559 785 bled.

57 821 92 891 44
112 820 233 879 nomine
254 816 388 896 adscita,
407 825 476 896 post
489 816 641 895 juveniles
667 832 784 878 amores
842 818 982 879 Laurent.
1002 817 1032 877 ia
1050 815 1162 896 Napoii
1178 818 1265 879 4665.
1285 817 1322 891 i.)

56 913 171 975 llilesia
183 911 394 971 tabulaltalice
411 910 594 988 descriptos,
606 910 705 989 paullo
720 927 788 989 pra-
881 910 1031 973 lohannes
1055 909 1252 986 COLUMNA,
1269 909 1390 969 Ordinis
1410 910 1564 971 Praedica-

56 1008 173 1067 vectiar
203 1010 301 1064 664646
322 1002 378 1064 46.
404 1004 482 1065 4467
510 1005 637 1064 Tarvisii
667 1004 787 1080 scripsit
840 1011 960 1081 torum,
986 1011 1017 1064 et
1043 1021 1081 1064 ex
1108 1005 1293 1063 Messanensi
1308 1001 1562 1082 Archiepiscopus

58 1095 380 1179 Hypucrotamachiam
407 1097 518 1157 editam
548 1095 616 1156 ibid.
645 1096 722 1157 4499
754 1097 785 1157 46
840 1098 898 1159 46.
918 1099 1005 1160 4464.
1020 1098 1203 1158 444666466646
1218 1098 1247 1156 46
1263 1098 1362 1175 Cypra
1378 1097 1494 1173 Insula,
1512 1111 1566 1159 au·

57 1209 120 1271 qua
149 1192 334 1270 propositum
358 1193 385 1251 ei
402 1198 450 1251 cst
471 1188 649 1267 ostendere,
676 1195 786 1250 cuncta
839 1200 905 1254 ctar
929 1191 1029 1254 Moris
1046 1189 1256 1252 Historiarum
1281 1190 1318 1249 ab
1344 1188 1423 1249 Orbe
1444 1191 1564 1251 condito

58 1302 189 1365 quarum
211 1301 312 1344 amore
340 1283 509 1362 depereunt
529 1282 686 1354 homines,
711 1282 785 1343 nihil
840 1301 938 1362 usque
952 1284 989 1345 ad
1001 1284 1124 1344 4666444
1139 1282 1295 1344 4250448.
1308 1283 1337 1340 46
1350 1284 1441 1343 464446
1459 1283 1565 1343 Biblia-

57 1377 140 1439 aliud
158 1394 249 1455 quam
267 1378 419 1437 samnium
436 1375 553 1452 videri,
575 1382 609 1436 ut
622 1373 685 1452 jam
701 1381 784 1439 nota·
839 1377 960 1451 thecis,
978 1379 1058 1438 64664
1074 1375 1141 1454 ejus
1169 1374 1345 1455 Pontificum
1362 1377 1565 1436 namuurum

58 1479 125 1533 tum
141 1471 249 1531 Vassio
270 1487 337 1549 pag.
354 1469 413 1529 803
431 1470 483 1546 qui
500 1475 623 1546 propter
639 1469 695 1529 boc
712 1470 786 1530 scri·
838 1470 995 1543 Historia,
1018 1488 1075 1532 nec
1091 1488 1150 1536 aaa
1174 1471 1249 1530 liber
1265 1469 1300 1532 de
1319 1468 1492 1549 infelicitate
1512 1487 1566 1530 cu·

56 1571 145 1643 ptum
160 1566 187 1623 ei
205 1565 303 1624 locum
321 1565 400 1623 inter
413 1565 576 1624 ilistoricos
594 1563 716 1622 4644666
733 1562 792 1623 da-
837 1563 980 1640 riaiium,
998 1572 1028 1625 et
1045 1565 1121 1625 alter
1133 1563 1168 1624 66
1183 1563 1284 1642 gloria
1302 1561 1466 1625 paradisi:
1483 1571 1515 1624 64
1525 1563 1563 1624 66

57 1674 166 1719 46666
184 1656 345 1718 dubitavit.
357 1656 430 1718 Vide
442 1655 784 1716 iohannisliallervordi
839 1657 976 1719 diversas
992 1656 1156 1735 Epistulae.
1175 1657 1249 1718 Vide
1263 1657 1416 1718 Oudinum
1435 1663 1507 1718 tom.
1524 1660 1565 1718 lil

58 1751 276 1813 Bibliothecam
289 1751 438 1810 curiosam
453 1767 517 1827 pag.
532 1749 590 1808 344
602 1754 634 1809 64
649 1750 784 1810 4446446444
839 1768 904 1829 pag.
924 1751 1003 1827 486,
1020 1767 1084 1828 seq.
1102 1749 1154 1810 sed
1173 1751 1310 1829 inprimis
1324 1749 1469 1811 iacobum
1486 1750 1567 1822 Que-

56 1844 256 1906 Eruditarum
268 1843 384 1917 ltaliae,
395 1849 467 1902 torn.
480 1842 569 1901 tertia
581 1841 784 1919 supplementi
840 1845 877 1904 444
886 1851 957 1904 tam.
971 1845 998 1919 1,
1012 1843 1211 1904 Bibliothecae
1222 1844 1485 1905 Dominicanarum
1496 1861 1563 1922 pag.

57 1954 126 2016 pag.
146 1937 199 1996 464
219 1980 226 2010 ,
241 1953 305 2013 seq.
570 1991 572 1993 .
840 1938 918 2010 449,
936 1953 999 2014 seq.
1015 1937 1067 2013 qui
1084 1938 1174 1996 etiam
1190 1937 1372 2013 notatlange
1389 1935 1468 1996 aliud
1486 1952 1564 2014 opus

98 2029 116 2064 *
133 2027 321 2088 Franciscus
347 2025 505 2089 Columna.
532 2027 695 2090 Monachus
721 2031 786 2090 sive
840 2029 1016 2108 esse,quad
1028 2030 1140 2090 Gallice
1152 2029 1251 2090 lucem
1263 2026 1339 2087 vidit
1351 2028 1562 2089 Parisiisil88

59 2121 133 2184 046.
152 2122 182 2182 8.
199 2122 347 2181 Dominici
365 2121 430 2182 sive
446 2121 617 2182 Canonicus
633 2123 787 2200 liegularis
842 2123 890 2182 iol.
907 2120 1011 2183 4644464
1027 2120 1079 2183 der
1096 2119 1235 2181 histoircs
1246 2137 1371 2181 versum
1389 2137 1427 2180 cx
1445 2122 1564 2196 Latino,

62 2216 179 2276 nullam
197 2215 377 2274 Milesiacam
396 2213 532 2279 tabellam
550 2214 588 2274 de
601 2213 788 2291 juvenilibus
841 2215 920 2294 quod
934 2213 1316 2291 BROCHABTUSquidam
1329 2212 1497 2290 Theologus
1510 2215 1565 2273 46-

62 2309 219 2369 amaribus
234 2309 297 2368 suis
313 2306 370 2367 sub
384 2309 530 2366 ementita
544 2307 678 2384 Poliphili
693 2310 788 2367 4464444-
842 2311 903 2370 4466
920 2308 977 2370 46.
996 2310 1075 2370 4476
1092 2307 1228 2368 ediderat
1254 2308 1312 2367 sub
1339 2306 1446 2367 titula:
1474 2305 1567 2367 44664-

59 2405 91 2462 64
118 2402 241 2479 scripsit
262 2401 381 2461 ltalioe:
400 2400 449 2472 vel
471 2400 579 2460 saltem
602 2417 679 2479 opus
706 2401 786 2462 istud
842 2401 933 2462 mcuti
947 2400 1145 2462 Naoitiorum.
1163 2400 1246 2460 ldem
1264 2400 1404 2470 Quetitus
1424 2407 1496 2460 torn.
1520 2401 1567 2477 ll,

59 2496 141 2556 idem
173 2495 261 2573 plane
282 2501 330 2554 est
351 2510 386 2553 ac
407 2495 473 2554 eius
498 2493 788 2571 Hypnerotomacbia
840 2514 906 2575 pag.
925 2497 996 2569 829,
1011 2501 1043 2555 64
1060 2496 1118 2554 996
1137 2498 1221 2554 66464
1236 2493 1390 2552 iohannis
1400 2491 1493 2570 hujus
1509 2493 1566 2555 Co·

63 2587 147 2648 edita
164 2589 295 2665 primum
310 2603 369 2645 nan
385 2584 507 2662 quidem
519 2588 655 2658 Tarvisii,
668 2586 790 2648 sedVe-
841 2589 962 2650 4664666
979 2589 1089 2649 librum
1106 2587 1142 2647 66
1162 2586 1241 2648 Viris
1268 2584 1439 2647 illustribus
1460 2585 1565 2646 Ethai-

60 2682 218 2741 66444666.
238 2681 325 2740 4499.
343 2679 409 2757 (80.
430 2677 517 2758 lypis
535 2676 671 2758 446463.
690 2678 737 2740 ial.
756 2685 787 2740 64
841 2682 885 2744 cir
905 2688 934 2743 ct
954 2680 1137 2744 Christianis
1163 2680 1293 2740 editione
1309 2680 1435 2759 dignum
1449 2678 1566 2756 judica-

60 2771 249 2836 4464644446.
268 2773 375 2845 ists.)
394 2774 546 2833 Immerito
562 2789 635 2832 vera
649 2773 786 2834 aVassio
841 2782 908 2837 tum
927 2793 992 2856 pag.
1016 2777 1063 2836 60.
1090 2775 1180 2835 046444
1201 2773 1294 2833 italici
1322 2790 1340 2833 6
1366 2773 1567 2835 celeberrimo

60 2868 140 2928 inter
166 2868 288 2927 Latinos
315 2866 473 2926 historicos
498 2872 691 2941 accensetur3
714 2883 785 2926 nam
839 2870 1064 2943 llantiaucana,
1091 2869 1182 2928 ctiam
1209 2865 1266 2927 46.
1295 2865 1372 2930 4720
1399 2865 1438 2926 66
1458 2867 1560 2944 praela

59 2963 119 3022 sub
139 2961 273 3034 Graeco,
295 2961 438 3021 Latinave
461 2960 516 3020 hoc
538 2959 625 3019 titula
648 2959 785 3019 tabellam
840 2968 977 3040 paratum
992 2969 1023 3023 et
1036 2963 1116 3021 natis
1132 2961 1315 3021 illustratum
1333 2960 1458 3020 4646666
1476 2960 1510 3020 V.
1525 2959 1558 3020 C.

60 3057 152 3134 plane
170 3055 303 3114 italicam
321 3053 413 3113 dedit.
433 3055 494 3114 Nec
516 3054 591 3112 satis
611 3056 731 3111 canstat
747 3067 786 3110 an
841 3055 1001 3115 Benedicta
1019 3054 1166 3129 Zannelli,
1183 3054 1332 3112 Romanae
1349 3052 1564 3113 casanatensis

61 3165 135 3209 suos
157 3151 188 3207 in
212 3149 388 3225 sapientiam
417 3161 535 3206 amares
563 3145 620 3205 sub
640 3145 735 3205 Paliae
756 3151 788 3203 64
841 3147 1040 3208 Bibliothecae
1056 3147 1214 3225 praelecta.
1232 3145 1320 3204 illum
1343 3141 1472 3204 necdum
1491 3141 1567 3201 vidi-

59 3241 196 3319 Paliphili
215 3242 354 3313 nomine,
374 3257 428 3300 seu
450 3241 550 3317 patius
568 3236 714 3314 juvenilia
732 3254 788 3299 sua
843 3258 924 3315 mus,
940 3241 1010 3301 44664
1025 3240 1125 3318 praela
1143 3239 1340 3298 commissum
1358 3235 1550 3296 reieruntNo

64 3336 248 3414 depinxerit.
265 3333 339 3394 Vide
356 3334 513 3393 Fontanini
534 3332 707 3408 Eloquenza
722 3330 787 3390 4464.
842 3351 880 3394 46
898 3335 1054 3393 4444646446
1069 3334 1149 3410 Lips.
1165 3329 1222 3389 46.
1242 3328 1314 3390 4724
1332 3375 1340 3405 ,
1355 3346 1422 3407 pag.
1440 3329 1487 3387 49.

58 3427 216 3508 4463662.
234 3426 280 3485 66.
299 3427 372 3487 466.
393 3423 480 3487 4737.
880 3424 1074 3507 bardulphus
1093 3424 1130 3485 66
1151 3420 1352 3498 COLUMNA,
1374 3438 1465 3499 quem
1487 3422 1565 3483 Can-

102 3519 200 3581 446466
217 3518 252 3578 66
269 3518 465 3593 COLUMNA,
488 3518 587 3580 ludex
613 3520 786 3580 Messanen-
839 3524 907 3600 gius
928 3537 1084 3600 perperam
1101 3518 1259 3596 distinguit
1276 3534 1295 3578 a
1312 3515 1489 3595 bandulpha
1512 3515 1565 3576 86-

58 3616 124 3688 646,
141 3613 260 3673 8466466
281 3615 361 3672 64466
377 3612 501 3673 4666444
515 3611 594 3673 4487
611 3614 640 3673 46
659 3615 785 3690 gratiam
839 3633 911 3694 gace
927 3622 1048 3676 auctore
1063 3614 1205 3673 librarum
1221 3618 1442 3688 postremarum
1462 3610 1563 3671 Histo-

57 3708 201 3769 Matthaei
213 3707 250 3767 de
262 3709 367 3780 Porta,
384 3705 606 3784 Archiepiscapi
624 3706 786 3766 864646446-
840 3708 906 3768 riae
926 3705 1086 3769 Miscellae.
1105 3705 1178 3769 Vide
1197 3705 1291 3778 46446,
1313 3704 1564 3766 4444444444Ηῦ8

57 3804 91 3862 ni
108 3819 147 3862 ex
159 3801 268 3860 Dareta
279 3808 309 3860 et
321 3802 427 3877 Dictys
438 3801 607 3878 composuit
617 3797 786 3859 Botorum
839 3802 958 3880 866664.

62 3894 224 3972 Trojaaam
239 3895 268 3951 46
285 3894 378 3953 464446
395 3894 509 3954 0484646
527 3892 733 3967 Bibliothecis,
744 3898 785 3953 ut
813 3939 818 3948 .
880 3895 1171 3974 Petruscognomine
1183 3892 1563 3965 commitstuntur

57 3988 178 4047 6646444
195 3985 332 4047 0664666
346 3992 417 4046 tam.
435 3987 494 4058 lll,
511 4002 577 4064 pag.
596 3986 649 4046 684
667 3983 726 4046 Sed
738 3990 786 4062 ty·
839 3988 981 4065 ducator,
1000 3990 1182 4066 (biangcur,
1199 3987 1314 4059 Gallis)
1333 3985 1401 4045 inde
1419 3984 1518 4045 dictus
1536 3987 1563 4044 64

59 4083 108 4160 pis
119 4082 272 4159 exscripta
286 4081 377 4141 etlam
387 4078 495 4157 prodiit
506 4076 688 4157 4436644666
706 4079 784 4139 4486
839 4081 1039 4157 Trithemioa)
1050 4079 1218 4153 credimus,
1236 4077 1315 4156 quad
1330 4076 1564 4156 scripturarum

58 4179 92 4236 et
110 4174 208 4247 4489,
226 4174 273 4232 464.
293 4173 458 4250 Utramque
475 4172 638 4233 editionem
655 4174 783 4251 inspexi.
838 4174 1034 4235 auctoritates
1051 4173 1082 4233 444
1098 4172 1163 4233 suis
1184 4167 1373 4233 sermonibus
1391 4174 1421 4229 ct
1435 4185 1563 4250 opuscu-

58 4267 272 4330 Germanicam
287 4267 457 4326 versionem
472 4267 635 4344 prosarium
647 4272 783 4327 veterem
838 4268 875 4329 iis
891 4267 1029 4331 crebrius
1046 4265 1203 4347 6446364466
1215 4263 1491 4345 quusiioventrern
1501 4279 1562 4323 4446-
1584 4307 1585 4310 ,

58 4363 91 4421 46
108 4359 291 4420 Bibliotheca
302 4359 447 4420 Caesarea
460 4359 518 4419 448.
535 4363 683 4419 memorat
697 4360 784 4418 46444·
837 4362 951 4423 mariae
967 4360 1169 4422 manducarit.
1193 4361 1355 4419 Trecensis
1375 4375 1414 4419 ex
1434 4357 1562 4435 Presby-

58 4454 166 4514 becius
184 4458 253 4511 tam.
272 4454 318 4529 44,
346 4470 412 4531 pag.
436 4452 495 4512 948
522 4469 583 4513 666
599 4469 670 4513 cum
687 4452 780 4513 altera
836 4463 901 4517 tera
917 4473 952 4517 ac
968 4458 1087 4517 Becano
1102 4455 1257 4516 Ecclesiae
1276 4455 1390 4513 Patriae
1408 4451 1561 4513 cancella-

57 4564 153 4625 quam
180 4546 319 4606 versibus
336 4546 524 4606 Germanicis
551 4547 631 4606 circa
658 4544 781 4607 44466444
836 4551 899 4612 4466
917 4551 1108 4624 parisiensis,
1126 4549 1256 4626 deniquo
1271 4548 1300 4604 in
1316 4560 1439 4606 secessu
1449 4544 1487 4604 ad
1505 4545 1561 4607 Ca-

58 4640 140 4701 4240
152 4640 320 4716 composuit
330 4641 476 4700 hienricus
493 4638 530 4698 de
548 4637 690 4712 Veldeck‚
703 4639 782 4700 Thu·
836 4645 958 4704 nonicas
972 4645 1002 4705 S.
1020 4645 1149 4705 Victoris
1164 4641 1361 4711 Panchaeis,
1378 4636 1458 4697 diem
1487 4636 1559 4697 obiit

59 4735 176 4810 ringus.
189 4732 232 4790 Be
243 4732 400 4809 Hispaniae
414 4733 553 4792 versione
567 4731 645 4791 Patri
656 4732 780 4793 Nunnez
836 4737 891 4798 46.
922 4736 1020 4813 4478,
1047 4737 1094 4797 le.
1117 4736 1181 4796 Kal.
1204 4733 1354 4795 Novembr
1383 4731 1433 4792 ubi
1451 4731 1507 4791 hoc
1529 4733 1556 4791 ei

57 4823 205 4902 Delgada,
220 4825 358 4886 Nicolaus
372 4824 522 4887 46466466
539 4832 611 4884 tom.
623 4826 663 4895 ll,
675 4824 783 4885 Biblia-
876 4880 901 4941 .)
920 4881 980 4943 cap.
997 4879 1045 4929 38⁰
1061 4876 1324 4929 cassamentum
1340 4874 1366 4926 'd
1382 4877 1482 4926 ”dem
1498 4875 1558 4924 m

59 4918 168 4978 thecae
186 4920 333 4996 Hispanae
349 4936 415 4998 pag·
434 4918 500 4981 ⁴79·
518 4922 560 4980 De
578 4918 783 4980 Italicam&
831 4956 878 5007 baa
895 4962 914 5005 4.
926 4958 948 5003 il
959 4993 968 5015 ‚
980 4968 1037 5018 pag.
1054 4953 1107 5003 499.
1127 4953 1173 5002 sed
1191 4955 1321 5003 verissima
1337 4951 1467 5002 interdum
1481 4951 1563 4999 etium

29 5034 33 5042 ·
60 5014 155 5073 ninus
169 5013 336 5092 blangitar,
351 5013 402 5089 qui
419 5011 593 5092 diligentius
606 5013 643 5074 de
660 5013 782 5078 Galum·
831 5030 947 5083 eruamur
964 5041 1017 5082 ease
1034 5040 1101 5093 qaae
1118 5033 1182 5081 4646
1197 5027 1324 5080 riarum.
