3458 5332
715 310 874 374 CAROLO
895 310 1102 374 SPlNELLlO
1580 328 1636 378 1111

167 416 219 494 plo
247 415 299 475 tibi
332 417 376 504 sit·
400 404 626 480 caussatus
655 418 1042 482 SGHAPNABURGENSIS
1071 419 1233 484 historicus
1263 421 1366 499 optimi
1398 422 1513 498 saporis
1542 426 1573 480 et
1593 436 1647 498 pro

166 515 266 569 aetate
287 509 325 570 ad
347 512 526 572 miraculum
547 512 745 573 cultissimus.
765 513 922 575 Praetereo
938 513 1162 574 renascentium
1179 512 1334 572 literarum
1353 515 1526 574 Latinarum
1544 520 1646 592 patres

166 602 257 661 PlUld
278 602 303 661 ll
326 602 501 664 Pontificem
521 605 709 675 maximum,
729 605 803 666 allas
823 604 964 666 Aeneam¹
976 604 1136 682 sylvium,
1156 604 1303 664 loannem
1320 603 1483 666 Antonium
1506 603 1648 667 cauea-

164 695 246 756 NUll
259 739 266 770 ,
281 696 475 757 ancisoum
490 698 744 772 PlllLELl’llUlll,
756 696 955 760 GUhlllNUhl
969 699 1193 771 Vemnensem,
1211 699 1356 757 loannem
1370 696 1526 758 lllbertum
1542 699 1647 767 Pthl,

164 789 313 848 loannem
335 786 502 849 hutouium
522 788 752 866 FthllNlUll,
773 806 902 869 quorum
924 793 953 849 in
976 793 1097 870 scriptis
1118 807 1178 850 uon
1199 789 1322 867 quidem
1343 806 1446 865 raras,
1468 806 1527 849 oon
1553 790 1649 851 multo

169 883 198 940 in
219 882 283 942 luto
304 880 460 960 dispersas
480 899 618 961 gemmas
638 887 805 956 scruteris,
826 883 882 944 sed
902 885 981 944 inter
1000 889 1157 944 consertas
1176 898 1312 960 gemmas
1344 883 1399 942 luti
1420 881 1575 943 residuum
1596 881 1649 943 de·-

167 981 296 1050 tergeas.
318 975 399 1034 llaec
419 973 472 1034 tibi
493 975 591 1052 plenis
611 974 736 1053 scyphis
766 971 928 1037 Fabricius
956 977 1094 1056 propinat
1114 990 1171 1035 nec
1191 974 1276 1034 alteri
1297 973 1448 1035 offerenda
1468 979 1556 1035 erant
1578 991 1647 1035 curn

164 1082 184 1125 a
205 1081 255 1125 me
275 1066 500 1142 profanentur:
522 1069 580 1128 etsi
603 1069 684 1128 enim
705 1070 837 1145 comperi
857 1067 971 1145 aliquot
986 1083 1056 1128 esse
1073 1068 1104 1126 in
1122 1067 1206 1126 ltalia
1220 1065 1351 1142 juvenes
1371 1068 1416 1126 tui
1439 1083 1497 1127 nou
1519 1065 1651 1126 dissimi-

164 1158 212 1220 les
233 1160 346 1236 optime
367 1157 405 1219 ad
426 1158 526 1220 studia
547 1160 705 1221 literarum
726 1159 887 1239 dispositos
904 1205 913 1239 ,
933 1167 965 1221 tu
986 1176 1108 1238 semper
1128 1167 1230 1220 tamen
1252 1158 1323 1218 mihi
1349 1161 1444 1220 menti
1471 1158 1650 1220 observatus

164 1268 202 1311 es
222 1268 261 1312 ex
282 1258 359 1312 tunc
372 1296 379 1327 ,
394 1269 465 1313 cum
486 1254 622 1314 Venetiis
638 1269 732 1332 agens
752 1254 791 1314 ab
806 1254 1016 1317 Excellentiss.
1031 1254 1183 1314 avunculo
1198 1253 1365 1332 apostolico
1385 1251 1423 1313 ad
1437 1254 1546 1330 llemp.
1567 1251 1649 1313 illam

163 1344 310 1424 Ampliss.
333 1346 448 1406 Nuncio
470 1347 602 1423 (quanto
616 1348 681 1407 vim
696 1349 703 1406 l
719 1345 727 1420 l
743 1354 777 1408 ut
790 1346 828 1408 de
842 1347 977 1424 proiectu
994 1346 1163 1407 studiorum
1180 1354 1302 1406 tuorum
1325 1346 1478 1424 specimen
1500 1343 1649 1407 exibituro

159 1437 259 1514 iudex
280 1454 353 1498 cum
374 1439 448 1499 viris
462 1439 576 1517 aliquot
589 1439 729 1517 selectis,
745 1445 777 1500 et
792 1438 976 1500 doctissimis
989 1439 1164 1499 assisterem
1183 1439 1291 1514 jussus
1311 1453 1390 1498 sum.
1409 1436 1555 1498 Admirati
1576 1443 1649 1498 tunc

164 1547 277 1592 sumus
297 1547 406 1592 omues
426 1531 509 1593 latini
530 1534 679 1592 sermonis
699 1534 730 1592 in
751 1533 876 1611 prolatis
895 1549 913 1594 a
933 1540 964 1592 te
985 1533 1106 1611 scriptis
1131 1534 1312 1610 puritatem,
1329 1536 1360 1591 et
1381 1531 1565 1608 elegantias,
1582 1545 1647 1591 car·

164 1625 285 1682 minum
307 1620 534 1702 pangendo'rum
556 1626 749 1698 felicitatem,
766 1625 1000 1687 etharmoniam
1018 1641 1053 1686 ac
1070 1625 1278 1703 superomnia
1300 1615 1330 1682 in
1351 1622 1537 1702 explicandis
1558 1623 1651 1684 Grae-

164 1717 212 1776 cis
228 1715 355 1776 Homeri
367 1718 570 1792 carminibus,
585 1735 663 1797 quae
680 1735 736 1798 ego
752 1735 826 1780 casu
847 1719 1023 1797 designavi,
1040 1734 1206 1795 eorumque
1227 1718 1349 1794 syntaxi
1371 1716 1554 1777 facilitatem.
1572 1717 1650 1779 Con-

164 1815 257 1888 cepta
279 1817 354 1870 tunc
375 1809 414 1870 de
430 1817 460 1870 te
476 1812 576 1889 opinio
592 1812 652 1872 alte
669 1812 798 1873 inhaesit
814 1813 928 1887 menti,
945 1819 981 1874 ut
996 1819 1059 1872 toto
1076 1812 1132 1872 hoc
1149 1813 1369 1871 intercurrente
1386 1809 1506 1870 biennio
1521 1825 1593 1871 cum
1610 1807 1648 1869 de

160 1902 280 1979 iuvene
295 1901 383 1963 docto
399 1905 507 1982 cogito,
517 1910 553 1965 tu
569 1911 640 1966 aute
656 1921 763 1966 omnes
777 1913 808 1967 et
824 1922 864 1967 ex
880 1906 1021 1967 omnibus
1036 1921 1205 1965 succurras.
1223 1904 1307 1976 Quae
1323 1920 1393 1965 cum
1411 1905 1452 1964 lta
1469 1919 1503 1964 se
1519 1903 1650 1964 habeant

164 1997 280 2075 optime
301 1996 461 2056 consultus
480 1996 519 2057 de
539 1998 709 2060 llecaenate
731 1996 912 2060 Fabricium
932 1995 1001 2056 huic
1019 1997 1100 2074 operi
1120 2011 1244 2071 cense03
1263 1995 1353 2055 simul
1373 2011 1445 2056 vero
1464 2001 1496 2055 et
1514 2011 1582 2056 mea
1600 2010 1650 2055 res

166 2096 236 2150 acta
254 2094 304 2148 est
321 2089 451 2167 egregie.
470 2089 547 2151 Cum
567 2092 680 2152 etenim
697 2093 898 2154 Bibliothecae
916 2089 1015 2150 eidem
1033 2086 1229 2149 illustrandae
1248 2086 1462 2166 perficiendae,
1483 2085 1650 2148 elimandae

166 2183 286 2260 vigilias
300 2186 333 2242 et
346 2181 562 2244 meditamenta
581 2185 776 2247 contulissem
791 2181 1010 2265 providendum
1026 2181 1097 2241 mihi
1112 2187 1178 2241 erat
1196 2179 1233 2240 de
1252 2187 1391 2258 patrono,
1406 2180 1458 2257 qui
1470 2179 1651 2240 authoritate

168 2290 227 2334 sua
244 2290 294 2335 me
312 2281 449 2353 regeret,
469 2283 500 2336 et
518 2278 619 2337 lavore
638 2281 763 2355 gratiam
782 2281 978 2357 compararet.
1006 2277 1086 2336 llaec
1104 2290 1176 2334 vero
1193 2275 1294 2333 omnia
1321 2274 1352 2332 in
1381 2279 1412 2333 te
1442 2288 1503 2335 uno
1529 2277 1652 2333 nactum

172 2382 224 2425 me
240 2382 308 2426 esse
327 2366 456 2427 confido.
475 2367 565 2429 hvita
583 2371 663 2430 enim
684 2370 821 2430 nobilitas
842 2376 916 2439 tua,
933 2385 1026 2446 quam
1053 2373 1193 2429 vetustas
1220 2371 1253 2426 et
1280 2365 1373 2444 gloria
1399 2367 1559 2427 maiomm-
1573 2381 1655 2427 com·

171 2458 306 2535 mendat,
328 2466 359 2519 et
377 2467 567 2540 augetcum
587 2478 705 2523 momm
725 2465 876 2526 suavitate
893 2469 925 2525 et
943 2463 1079 2524 doctrina
1096 2466 1150 2522 tua
1167 2461 1319 2538 praesenti
1339 2466 1558 2537 magnamque
1572 2459 1653 2521 lutu-

170 2570 270 2614 rorum
283 2555 494 2632 expectatione
507 2557 615 2632 majori
632 2558 801 2632 coniuncta,
816 2574 967 2618 summam
981 2555 1034 2616 tibi
1045 2554 1258 2616 authoritatem
1272 2558 1304 2612 et
1318 2551 1559 2613 benevolentiam
1573 2552 1653 2631 apud

168 2662 274 2707 omnes
292 2644 357 2722 iam
378 2663 460 2709 nunc
478 2648 626 2708 conciliat.
644 2648 769 2709 Accedit
802 2650 944 2712 avunculi
970 2651 1014 2709 tui
1033 2648 1156 2708 maximi
1175 2662 1248 2706 sane
1268 2648 1412 2706 momenti
1432 2649 1653 2725 patrocinium,

171 2742 220 2818 qui
240 2755 313 2800 cum
333 2744 365 2800 te
383 2756 419 2800 ee
435 2757 497 2819 qua
515 2757 570 2819 par
588 2747 636 2802 est
655 2748 795 2821 nepotem
814 2759 852 2803 ex
871 2757 972 2803 sorore
990 2740 1065 2801 adeo
1082 2740 1195 2818 optime
1213 2745 1364 2799 moratum
1384 2739 1543 2801 dilectione
1561 2741 1653 2820 depe·

171 2840 252 2908 reat,
273 2832 495 2893 ioclientelam
512 2841 597 2894 tuam
622 2834 737 2895 adscito
764 2835 876 2896 homini
906 2837 1008 2897 lavere
1032 2848 1091 2892 non
1113 2829 1332 2909 dedignabitur.
1354 2830 1552 2897 Avunculum
1571 2833 1653 2895 hunc

170 2931 256 2985 mum
274 2940 348 2984 cum
367 2925 484 3002 appello
504 2926 684 3004 probitatem
700 2929 806 3006 ipsam,
825 2927 1026 3006 prudentiam,
1044 2925 1261 3002 benignitatem
1280 2930 1313 2983 et
1331 2930 1427 2987 totum
1443 2925 1592 3004 quidquid
1605 2933 1655 2988 est

172 3020 321 3097 optimum
336 3062 344 3092 ,
359 3022 425 3077 tum
444 3019 475 3077 in
495 3019 629 3080 moribus
650 3026 714 3082 tum
734 3022 763 3080 in
783 3022 916 3096 virtute,
931 3025 998 3080 tum
1017 3020 1048 3078 in
1068 3017 1170 3078 arduis
1184 3014 1325 3076 omuibus
1338 3018 1504 3095 prudenter
1519 3019 1656 3080 leliciter-

170 3126 225 3187 que
243 3108 412 3170 tractandis
433 3111 583 3190 appellare
600 3129 650 3174 me
668 3113 805 3174 arbitror.
824 3113 858 3174 ld
875 3130 930 3193 ego
949 3118 1058 3191 partlm
1079 3127 1117 3172 ex
1140 3110 1218 3170 lama
1232 3152 1240 3184 ,
1253 3126 1332 3188 quae
1350 3110 1388 3170 de
1407 3110 1457 3171 illc
1476 3112 1552 3172 mira
1570 3129 1654 3191 prae·

172 3199 269 3279 dicat,
288 3204 399 3280 partim
417 3219 457 3263 ex
475 3220 543 3264 meo
561 3207 626 3282 ipso
643 3209 852 3284 experimento
870 3205 970 3266 didici.
985 3207 1097 3266 Moram
1116 3205 1198 3264 enim
1218 3209 1358 3280 agentem
1379 3219 1428 3263 me
1447 3204 1582 3265 Venetiis
1601 3222 1655 3283 per

172 3291 233 3354 dies
249 3283 386 3371 aliquot,
407 3296 488 3372 quali
510 3313 569 3356 non
589 3297 685 3359 officio
703 3306 883 3377 prosecutus
904 3296 973 3361 est‘l
993 3298 1160 3376 Hospitium
1180 3295 1305 3368 obtulit,
1324 3301 1577 3374 recusantemque
1605 3313 1655 3358 co-

172 3389 243 3465 egit,
258 3393 295 3461 ut
306 3387 415 3448 saltem
435 3391 563 3450 conviva
577 3406 630 3468 pro
643 3409 710 3453 mec
728 3392 849 3453 arbitrio
867 3408 987 3470 semper
1005 3391 1161 3463 venirem,
1176 3406 1226 3450 me
1245 3389 1381 3449 familiari
1399 3389 1528 3466 alloquio
1545 3387 1584 3450 ad
1602 3388 1654 3451 hc

174 3493 219 3539 ras
236 3477 385 3550 detinuit,
404 3496 454 3540 me
472 3480 551 3558 apud
572 3497 665 3558 suos,
682 3500 732 3545 me
749 3484 830 3562 apud
848 3491 992 3546 externos
1009 3483 1182 3544 celebravit.
1209 3483 1255 3542 Ea
1273 3484 1429 3543 occasione
1447 3489 1478 3542 te
1497 3484 1567 3542 novi
1582 3528 1590 3561 ,
1605 3481 1654 3560 iu·

175 3572 258 3632 venis
276 3573 390 3651 optime
404 3615 412 3646 ,
425 3588 460 3633 ac
474 3576 527 3635 vix
540 3575 676 3653 agnitum
695 3578 804 3637 amavi.
823 3576 924 3637 Amori
942 3577 1012 3639 huic
1031 3575 1163 3651 tribuas,
1181 3577 1206 3635 si
1221 3575 1293 3653 quid
1308 3581 1357 3636 est
1374 3577 1404 3636 in
1424 3575 1480 3636 hoc
1500 3591 1566 3636 meo
1581 3593 1653 3637 con·

174 3663 235 3724 silio
253 3663 415 3741 audaciae,
433 3672 464 3726 te
483 3682 591 3746 nempe
609 3675 701 3745 atque
718 3671 905 3731 avunculum
925 3676 1012 3731 tuum
1030 3675 1133 3730 tantae
1154 3667 1310 3747 dignitatis
1328 3670 1449 3746 virum,
1468 3667 1559 3730 rebus
1577 3670 1654 3729 meis

176 3757 370 3837 implicando,
388 3760 603 3839 cogendoque,
623 3769 658 3825 ut
676 3779 732 3824 vos
750 3765 838 3825 ambo
859 3771 962 3825 vestra
982 3763 1083 3823 omnia
1104 3760 1177 3821 mihi
1199 3760 1425 3840 impenderetis.
1441 3763 1497 3822 Est
1515 3763 1652 3835 virtutis,

175 3857 220 3910 est
237 3849 394 3929 dignitatis
412 3852 587 3916 interiorum
614 3855 780 3917 commodis
798 3858 966 3931 inservire,
985 3853 1065 3934 quod
1084 3853 1157 3914 dum
1179 3855 1366 3931 praestiteris
1382 3853 1507 3930 juvenis
1524 3855 1651 3926 eximie,

175 3937 290 4003 idtunc
308 3960 390 4021 ages,
402 3951 436 4006 ut
452 3953 631 4024 conceptam
649 3946 687 4009 de
706 3955 737 4010 te
755 3951 996 4028 expectationem
1015 3947 1206 4026 praecariae
1225 3945 1302 4005 lelici
1320 3947 1539 4007 acceleratione
1556 3945 1652 4008 adlm-

176 4032 263 4107 pleas.
282 4035 365 4096 Vale.

231 4127 312 4187 llaec
330 4127 402 4188 olim
421 4130 601 4207 scripseram
610 4119 689 4194 'dum
703 4135 818 4196 Excell.
845 4134 969 4196 lonicus
991 4130 1187 4196 Garuccv'olur
1208 4134 1358 4194 Nuocium
1385 4129 1592 4209 Apostolieum
1614 4128 1652 4190 ad

178 4213 305 4279 Venetos
322 4219 448 4298 agebat,
467 4236 549 4282 nuuc
568 4239 640 4285 vero
658 4228 745 4288 triste
763 4230 908 4289 nuncium
927 4227 966 4289 ad
985 4243 1040 4287 nos
1058 4224 1182 4287 devenit
1209 4226 1310 4287 virum
1337 4222 1650 4304 termulensem

179 4307 365 4388 llispaoicam
384 4312 564 4391 legationem
581 4333 635 4394 pro
651 4317 724 4380 sede
744 4319 914 4399 Apostolica
931 4320 1124 4400 iungeretur,
1143 4319 1250 4380 acerbo
1269 4319 1360 4378 nimis
1376 4321 1409 4377 et
1426 4316 1565 4376 luctuoso
1579 4329 1652 4376 casu

180 4399 440 4559 interiissehquod
470 4422 520 4468 me
549 4413 581 4467 et
607 4425 715 4473 omnes
743 4418 892 4491 quotquot
909 4414 975 4474 eius
993 4413 1138 4473 virtutem
1169 4413 1373 4489 meritumque
1391 4413 1500 4470 norant
1518 4422 1652 4470 moemre

181 4506 333 4557 summos
372 4499 423 4558 cit.
