3464 5318
201 362 260 424 390
767 352 1130 415 consuntitis

200 467 245 528 bri
263 467 312 527 lll.
328 466 370 524 Ba
385 461 536 522 nobilitate
547 458 683 533 Cllristi,
701 459 765 520 libri
782 461 917 537 totidem.
1015 463 1042 520 6.
1060 463 1102 520 De
1119 461 1212 535 Fato,
1230 456 1266 518 de
1283 455 1496 535 eruderato,
1514 455 1551 516 de
1569 455 1693 516 Praedo·

201 563 245 621 Be
263 558 402 620 laudibus
419 554 554 623 Cllristi‚
575 554 776 632 Panegyricus
798 558 920 632 quintu·
973 553 1149 629 stinatione,
1168 559 1197 612 ct
1212 551 1248 612 de
1267 549 1344 611 bona
1359 550 1484 632 fortuna
1495 551 1562 611 libri
1577 552 1644 611 Xll.
1658 553 1695 610 Be

199 655 269 733 pler
287 652 324 711 de
341 648 524 708 sublimitate
541 646 669 724 eniam
678 647 917 723 admirabilitate,
974 649 1176 725 singularibus
1197 645 1385 724 argumentis
1407 645 1471 705 libri
1494 652 1572 704 tres.

198 746 348 813 bonitate,
365 741 545 814 clementia,
562 746 594 799 et
609 741 802 802 amabilitate.
817 743 859 802 lle
877 742 919 802 si·
1013 740 1040 799 7.
1059 739 1272 802 Eucharistiae
1292 735 1509 800 memorabilia.
1534 734 1695 798 663666636-

197 839 264 914 gnis
277 841 307 895 et
322 835 498 907 insomniis,
515 849 680 911 eorumque
698 836 918 912 interpretatis
973 834 1092 914 Spiepel
1112 836 1210 910 6666,
1235 836 1284 896 lt.

196 929 285 989 nibus
301 927 368 987 libri
385 928 435 986 111.
452 926 496 988 De
513 942 568 986 sex
582 927 745 1006 sophorum
762 945 918 989 36633633-
1014 930 1042 987 8.
1060 930 1103 988 De
1114 930 1145 990 S.
1156 926 1261 987 6666633
1270 926 1402 987 66633663
1418 932 1449 985 et
1466 928 1560 985 trium
1572 924 1695 984 filiarum

196 1023 236 1081 tis
250 1037 416 1098 eorumque
432 1021 689 1082 confutationibus
706 1021 770 1081 libri
782 1022 833 1081 111.
845 1021 922 1082 Ora*
973 1020 1039 1097 ejus
1056 1024 1263 1082 asservatione
1279 1021 1344 1081 libri
1361 1021 1412 1080 111.

195 1117 236 1175 663
253 1117 283 1175 63
299 1115 438 1193 primitiis
453 1112 586 1188 hiberti,
602 1111 825 1193 Archiepiscopi
841 1117 920 1192 blag-
1015 1116 1042 1173 9.
1060 1113 1144 1192 Opus
1161 1113 1383 1191 Quodlibeticae
1399 1110 1625 1190 disputationis.

194 1208 414 1286 deburgeusis‚
440 1205 618 1266 biarchionis
644 1205 790 1267 Brandeb.
819 1206 920 1268 habita
1017 1209 1065 1268 10.
1082 1207 1125 1265 113
1139 1206 1305 1286 hypocrisi,
1320 1205 1532 1288 superstitione
1547 1211 1577 1264 et
1589 1203 1696 1264 diuina-

195 1303 316 1362 Berlinii
334 1303 363 1360 in
379 1299 453 1364 aede
471 1302 504 1360 1).
517 1300 625 1360 Mariae
642 1298 698 1360 63.
712 1303 764 1362 656
772 1303 799 1361 3.
812 1300 877 1361 6163
890 1303 920 1360 63
975 1299 1072 1375 tione,
1091 1300 1120 1359 in
1139 1318 1198 1378 quo
1216 1318 1305 1378 opere
1321 1300 1533 1378 deprehensus
1550 1303 1599 1357 est
1615 1299 1695 1357 loan-

192 1396 339 1455 electione
356 1396 492 1456 [lectoris
507 1393 687 1454 Academiae
700 1396 874 1472 Lipsiensis.
886 1396 919 1455 13
978 1397 1026 1454 363
1043 1396 1101 1455 Pici
1117 1395 1254 1471 vestigiis
1272 1395 1420 1453 insistere.

194 1494 379 1549 statutorum
407 1488 555 1562 lectione,
576 1488 733 1548 Orationes
754 1489 790 1547 11.
807 1488 873 1551 6163
890 1491 920 1548 63
1018 1490 1049 1548 66
1082 1489 1125 1547 De
1142 1504 1178 1547 eo
1193 1504 1234 1544 an
1247 1485 1378 1546 animati
1394 1482 1479 1546 Coeli
1490 1484 1613 1564 possint
1625 1483 1692 1558 dici,

193 1580 487 1643 commendationem
500 1578 920 1657 S.Tbeologiae:ethn.t5t)3.
977 1585 1006 1641 et
1020 1579 1057 1640 63
1070 1579 1244 1639 animarum
1264 1579 1346 1641 Coeli
1358 1576 1521 1637 nobilitate.

194 1678 313 1755 Lipsiae
325 1678 354 1735 in
366 1675 441 1736 aede
451 1677 481 1735 S.
495 1674 626 1734 Thomae
638 1672 738 1734 habita
753 1674 921 1752 ingratiam
1017 1672 1171 1736 lauditio
1179 1670 1594 1753 proprietatumtopicalium
1604 1672 1692 1730 libll'.

193 1767 559 1830 (136663316311313663663.
588 1768 801 1828 Universitatis
829 1767 922 1828 studii
1019 1771 1066 1830 63.
1092 1770 1259 1845 Praecepto
1289 1763 1520 1844 coopmentandi
1548 1763 1693 1824 Rhetorice

197 1862 426 1922 Francofurtani
455 1860 490 1921 36
520 1860 649 1921 0636336
672 1861 837 1940 invulgatio
864 1861 920 1922 63.
979 1861 1144 1922 Orationes.

194 1957 290 2031 6506,
306 1956 345 2016 26
360 1956 445 2016 Febr.
471 1953 517 2015 66
546 1953 828 2015 Francoturdianam
846 1954 923 2017 633·
1017 1957 1064 2016 11.
1084 1954 1240 2015 Orationes
1257 1954 1334 2016 duae
1349 1952 1497 2015 balbini
1512 1952 1693 2030 inexcepta

123 2055 126 2063 ’
191 2047 323 2110 damiam
340 2047 388 2109 die
406 2046 669 2108 Pentecosteslln.
684 2049 772 2109 1666.
784 2047 829 2109 66
848 2066 932 2109 ean·⁴¹
976 2066 1045 2109 nem
1062 2050 1165 2129 Legati
1183 2046 1352 2109 cardinalis
1372 2045 1560 2106 Gurzensis:
1579 2045 1693 2105 316363-

191 2140 281 2216 dem,
300 2141 474 2202 Cotbusiam
496 2141 677 2200 translatam
698 2141 735 2201 ob
756 2142 919 2203 inclemen-
974 2142 1035 2202 bita
1057 2143 1085 2200 63
1104 2141 1173 2202 3313
1190 2140 1337 2200 Doctorali
1355 2138 1454 2199 Stadii
1472 2141 1630 2217 tipzensis
1648 2153 1692 2215 pro

192 2236 301 2295 tiorem
324 2241 426 2295 aerem
441 2241 471 2295 36
486 2232 735 2312 333613636366
751 2235 866 2295 clerum
888 2237 917 2294 in
974 2237 1103 2314 receptis
1121 2233 1289 2312 insignibus
1306 2249 1323 2292 a
1342 2234 1459 2309 Legata.
1472 2231 1692 2310 congratulata

198 2328 304 2389 Studio
325 2326 578 2389 Fraucofurdiano
598 2327 654 2388 63.
679 2328 765 2389 ttae.
781 2327 827 2388 66
844 2328 920 2390 Aca·
974 2332 1016 2390 ria
1034 2346 1086 2407 pro
1103 2327 1263 2389 cardinale
1280 2327 1438 2388 Brixiensi.
1460 2327 1648 2386 invocatoria
1666 2326 1690 2382 in

191 2420 322 2481 63366336
337 2420 620 2481 Francofurdianam
637 2423 666 2480 in
681 2424 868 2483 assumtione
885 2427 918 2485 B.
974 2425 1067 2483 missa
1082 2418 1250 2494 Quodlibeti
1268 2422 1442 2499 Lipsensis.
1460 2419 1518 2479 63.
1538 2419 1626 2481 6697.

189 2514 340 2591 Virginis:
355 2508 389 2573 13
404 2514 622 2575 Cartbusianos
635 2515 770 2576 6633336.
784 2513 831 2576 66
842 2516 919 2578 Aca·
1015 2518 1060 2577 65.
1078 2517 1121 2575 De
1140 2514 1339 2575 Uniuersitate
1353 2518 1384 2573 36
1398 2513 1529 2575 Ciuitate
1545 2511 1689 2593 tapsensi,

196 2607 326 2667 damiam
343 2607 624 2669 Francofurdianam
643 2611 672 2668 in
690 2609 844 2670 Pascbate.
861 2613 916 2671 Pro
973 2610 1149 2672 carminum
1166 2608 1231 2669 libri
1249 2608 1317 2670 633.
1421 2635 1423 2638 >

191 2702 915 2780 auspiciisDisputatiouisQnodlibrticaeA.tbiit.
1013 2702 1251 2763 CONSENTlUS
1276 2700 1502 2761 Grammaticus
1529 2701 1691 2763 Constanti·

232 2797 260 2858 3.
277 2793 473 2874 Errolopium
481 2797 568 2873 ,sive
582 2798 740 2859 Tractatus
757 2797 795 2857 63
811 2785 930 2858 errori?
975 2796 1184 2874 napolitanus,
1210 2794 1248 2856 de
1273 2795 1363 2872 cuius
1394 2795 1494 2856 libello
1522 2794 1560 2855 de
1584 2791 1691 2854 duabus

191 2888 249 2950 bus
265 2888 510 2967 Philosophorum
528 2890 558 2949 in
574 2889 644 2949 Fide
662 2889 840 2966 Christiana,
852 2890 917 2951 hri-
972 2887 1123 2948 Orationis
1133 2886 1277 2967 partibus
1288 2889 1413 2949 Nomine
1430 2894 1462 2947 et
1483 2889 1583 2949 Verbo
1595 2888 1652 2948 dixi
1665 2889 1690 2946 in

193 2982 330 3053 stotelis‚
348 2983 600 3044 commentatoris
626 2982 799 3045 Avicennao
819 2989 851 3044 et
866 2982 917 3044 61-
969 2981 1151 3042 Bibliotheca
1177 2983 1282 3042 Latina
1306 2981 1354 3041 lV.
1374 2980 1401 3040 ⁷.
1419 2979 1508 3042 61633
1526 2989 1562 3045 36
1580 2981 1690 3041 videtur

192 3075 293 3152 kindi,
311 3093 381 3137 cum
408 3076 664 3147 confutationibus
678 3077 851 3138 eorundem.
870 3080 916 3138 Li·
970 3075 1232 3151 CONSBNTlUS,
1249 3074 1285 3136 ad
1304 3092 1394 3152 quem
1422 3074 1539 3136 Sidonii
1558 3076 1609 3137 lib.
1625 3075 1690 3135 11111.

191 3172 273 3250 psiae
291 3172 388 3245 6693,
407 3172 434 3230 l.
971 3168 1111 3247 Epistola
1133 3170 1160 3229 6.
1182 3169 1273 3231 Certe
1294 3168 1372 3230 alius
1388 3169 1423 3241 Q.
1442 3168 1690 3245 CONSENTIUS,

231 3264 258 3324 3.
277 3266 456 3341 Scotorum,
471 3282 631 3340 errorum,
649 3263 915 3327 hallucinationem
968 3280 1059 3342 quem
1083 3262 1190 3323 laudat
1211 3263 1375 3323 Svetonius
1396 3265 1426 3322 in
1449 3265 1585 3324 Terentii
1607 3267 1672 3324 vita.

193 3361 224 3417 et
241 3358 441 3419 schismatum
452 3358 489 3418 ab
499 3360 612 3437 origine
624 3359 716 3419 ferme
728 3360 915 3421 Christianae
1009 3355 1251 3418 CONSTANTIS
1273 3355 1443 3417 Sacerdotis
1464 3357 1643 3419 Sermonem
1661 3355 1692 3417 de

192 3450 345 3510 Ecclesiae
359 3451 396 3510 36
410 3452 581 3530 Wimpiuae
592 3459 724 3531 tempora
743 3455 916 3514 concisioris
965 3449 1108 3527 passione
1124 3454 1154 3509 ot
1165 3446 1265 3528 paru
1276 3450 1309 3509 B.
1326 3449 1548 3513 Emmerammi
1562 3453 1692 3530 Martyris

190 3543 470 3621 anacephaleoseoS,
481 3561 542 3605 333
556 3561 625 3605 cum
643 3546 806 3623 aliquantis
817 3547 918 3626 Piger·
970 3541 1062 3602 edidit
1076 3542 1269 3603 Bernhardus
1294 3545 1352 3603 Pez
1373 3549 1445 3604 tom.
1461 3545 1511 3605 lV.
1529 3543 1691 3606 63336363-

193 3635 345 3710 66336363,
368 3635 592 3714 Wiglefrcarum
619 3644 650 3698 et
677 3639 916 3701 Lutheranarum
971 3653 1037 3695 rum
1056 3637 1270 3714 parte2,pag.
1285 3637 1387 3699 atas.
1404 3638 1448 3696 De
1462 3639 1692 3698 BEmmeram·

193 3727 365 3789 haeresium
377 3730 645 3806 confutationibus,
659 3731 801 3793 librorum
815 3739 916 3812 partes
970 3729 1092 3789 mohac
1110 3730 1224 3791 dictum
1243 3746 1335 3808 supra
1352 3732 1382 3790 in
1399 3728 1569 3792 ABIBONE
1587 3750 1615 3811 p.
1644 3729 1692 3792 tas

192 3827 265 3882 tres.
274 3823 460 3884 francofurti
478 3823 516 3883 36
533 3823 662 3891 0636336
677 3826 689 3885 6
696 3826 766 3901 528,
779 3826 826 3885 fol.
839 3825 917 3904 Apo-
971 3828 1002 3882 et
1021 3824 1080 3885 633
1101 3826 1130 3883 63
1148 3823 1337 3886 ABNOLDO.

192 3914 286 3995 lagiae
303 3918 437 3994 quinque
454 3933 507 3994 pro
525 3918 683 3998 Theologia
704 3923 810 3978 eontra
834 3921 917 3981 Mar·
1014 3917 1303 3979 CONSTANTINUS
1328 3921 1406 3997 Papa
1423 3918 1461 3979 ab
1478 3917 1570 3980 6333
1586 3918 1693 3981 (11166311

193 4007 289 4068 titium
304 4006 480 4070 Pollichium
496 4008 733 4072 htcllerstadtum
749 4014 786 4086 3).
798 4013 917 4074 Cribra-
972 4009 1039 4070 708.
1057 4013 1129 4073 6136.
1147 4012 1164 4072 6
1182 4011 1220 4071 36
1239 4011 1271 4072 76
1279 4013 1306 4072 5.
1332 4014 1417 4073 11366.
1436 4013 1484 4073 ta.
1503 4011 1583 4091 Ejus
1599 4014 1691 4075 663666

192 4111 234 4162 663
251 4111 354 4163 333663
371 4102 509 4181 ejusdem
528 4107 794 4182 tergiversationes
815 4114 845 4167 et
865 4106 916 4167 36-
970 4103 1106 4184 Epistola
1122 4103 1164 4165 ad
1176 4102 1396 4165 Brithwahlum
1407 4152 1416 4180 ,
1429 4104 1691 4188 Archiepiscopum

193 4213 304 4258 versus
325 4197 583 4258 Mellerstadianas
598 4198 778 4259 offensiones
796 4217 918 4278 respon·
972 4200 1232 4273 cantuariensem,
1244 4198 1282 4260 de
1295 4201 1412 4260 visione
1428 4200 1539 4277 Eguini
1559 4201 1690 4281 Episcopi

187 4293 237 4352 ,363
255 4290 455 4369 hpologetica.
971 4291 1191 4371 wigorniensis
1208 4309 1260 4371 pro
1278 4290 1432 4355 suadendo
1449 4293 1620 4373 imaginum
1637 4294 1692 4355 cul·

237 4386 262 4444 6.
281 4387 381 4463 Super
394 4380 541 4446 ll'lihros
552 4386 775 4475 Sententiarum
787 4390 917 4468 epitome
973 4393 1016 4458 tu,
1034 4386 1118 4447 etde
1136 4386 1267 4448 Concilio
1284 4383 1430 4460 babendo,
1449 4387 1692 4468 instituendoque

195 4479 346 4541 variarum
375 4481 568 4558 opinionum,
585 4479 674 4558 cuius
702 4481 776 4542 liber
802 4484 919 4561 primus
973 4480 1120 4544 coenobio
1133 4485 1235 4540 exstat
1248 4479 1326 4558 apud
1339 4479 1581 4558 Speelmannum
1593 4482 1690 4543 13361.

153 4574 155 4578 ‘
197 4589 331 4635 excusus
348 4576 473 4652 Lipsiae.
660 4580 663 4585 '
974 4575 1172 4635 conciliorum
1191 4574 1360 4633 Britanniae
1376 4589 1443 4652 pag.
1458 4574 1528 4635 313.
1546 4577 1689 4638 Labbeun

237 4667 265 4725 5.
280 4665 466 4746 Emplanatio
487 4667 567 4731 anitii
580 4668 740 4748 Evangelii
756 4670 920 4732 secundum
974 4672 1045 4726 tom.
1057 4667 1104 4726 Vl.
1116 4666 1315 4728 conciliorum
1326 4682 1392 4744 pag.
1407 4665 1494 4726 6397.
1509 4669 1690 4732 6136636333

195 4759 357 4840 loannem,
376 4770 405 4824 et
419 4761 553 4842 symboli
566 4763 777 4826 Athanasoani.
974 4766 1046 4820 tom.
1065 4761 1104 4820 111
1118 4775 1201 4838 ,paga
1218 4755 1304 4820 6837.
1320 4757 1385 4818 6163
1402 4755 1445 4816 ad
1459 4759 1617 4824 Edaldum
1627 4808 1634 4837 ,
1645 4763 1691 4823 66·

973 4856 1195 4932 ohiepiscopum
1217 4854 1438 4928 Viennensem,
1455 4871 1551 4930 quarn
1574 4857 1690 4918 Ludov'e

239 4976 334 5036 alvide
345 4984 374 5029 3.
389 4979 441 5030 vet.
454 4984 553 5034 3633661
566 4985 697 5036 bonchort
711 4989 774 5037 6366
784 4985 922 5036 1131366336.
973 4965 1028 5010 ⁰¹¹⁵
1039 4947 1167 5008 J³C⁰b¹¹⁸
1178 4963 1244 5025 pag·
1256 4947 1303 5007 58·
1315 4945 1518 5009 Biblmhecae
1529 4952 1688 5011 P⁰ntffi⁰i²¹⁶

188 5057 256 5103 rom,
275 5056 302 5114 1,
321 5067 381 5119 pag.
399 5055 449 5119 87,
467 5069 521 5123 seq.
970 5041 1032 5121 jam
1050 5042 1166 5101 notavit
1183 5039 1239 5118 legi
1257 5041 1287 5097 in
1301 5038 1486 5102 Bibliotheca
1498 5043 1685 5117 floriacensi,
