3458 5332
201 312 261 375 aro
778 304 1124 396 4444444444

199 417 460 488 Adlorroccotium
472 416 656 492 Vill'apam
672 414 844 495 dodisupra
857 434 926 496 pag.
981 415 1150 476 versionem
1175 414 1300 476 dederat
1323 413 1428 474 Simon
1452 412 1703 491 Costantinopoli·

200 515 260 576 708
276 511 327 574 444
344 509 437 575 Linus
465 506 618 570 Call-acius
636 506 797 572 salutatur
817 512 924 589 scripsi
980 517 1072 572 tanus
1098 507 1363 571 llieromouachus.
1386 505 1538 567 Libellum
1559 503 1644 568 hunc
1664 505 1702 565 sic

201 580 240 669 44
255 608 338 668 llSto
355 602 483 677 Codice,
503 618 631 680 proquo
648 602 699 662 alii
716 602 841 663 Lucium
860 600 926 664 Coi
981 605 1176 665 reformatum
1193 606 1296 663 servat
1312 600 1372 661 448.
1390 596 1494 660 Codex
1512 614 1606 659 meus
1623 596 1703 659 cbar-

202 699 314 761 luciam
330 694 491 774 appellant.
518 693 671 774 Epr'stolas
696 698 757 755 tres
779 711 871 755 unam
888 694 926 755 ad
981 704 1095 758 tacens.
1112 696 1199 756 Liber
1219 695 1285 755 eius
1307 692 1345 754 do
1367 690 1490 753 saeculo
1512 696 1545 751 et
1567 690 1703 769 religione

201 791 354 854 Nicolaum
379 789 416 849 de
432 787 550 850 husiuo
567 789 810 850 Protonotarium
830 787 926 867 Papae
981 788 1140 851 exhibetur
1156 789 1186 848 44
1200 787 1260 851 lllS.
1282 785 1356 849 cod.
1368 784 1576 847 Bibliothecae
1592 785 1703 845 Biscar-

199 885 258 946 ho.
280 884 359 944 1368
375 884 505 943 alteram
522 881 561 942 ad
578 883 774 943 Franciscam
790 884 926 942 Brunum
980 880 1086 944 dianae
1098 925 1105 956 ‚
1116 898 1155 942 44
1168 898 1229 958 quo
1239 879 1283 943 Cl.
1296 880 1418 940 Lamias
1429 880 1460 938 in
1470 877 1620 957 catalogo
1631 879 1702 938 eius

201 978 239 1038 de
255 977 340 1040 obitu
364 975 480 1036 Urbani
508 976 545 1036 V.
569 973 626 1035 hn.
656 973 729 1036 4374
751 975 872 1034 tertiam
888 972 925 1039 od
980 975 1049 1037 dem
1065 975 1265 1037 Bibliothecae
1281 973 1598 1053 prolertprooemium
1612 972 1701 1051 operis

201 1072 314 1149 Regem
332 1071 520 1138 Francorum
537 1067 680 1131 Carolum
695 1068 745 1129 Vl.
771 1065 829 1127 44.
848 1068 924 1128 4404
980 1070 1018 1132 ad
1035 1071 1068 1129 F.
1084 1071 1300 1148 llieronymum
1317 1067 1355 1128 dc
1371 1067 1523 1127 Vezzano.
1546 1066 1584 1125 ln
1605 1063 1699 1126 eodem

202 1165 347 1242 scriptam
369 1161 465 1223 edidit
489 1162 633 1222 baluzius
660 1166 732 1220 tom.
759 1161 816 1238 444,
843 1161 925 1221 44444.
980 1165 1070 1225 etiam
1088 1163 1197 1225 Codice
1213 1167 1287 1222 sunt
1306 1159 1460 1238 Epistolae
1477 1157 1640 1236 quaedam.
1658 1157 1697 1218 Ex

201 1275 268 1337 pag.
287 1256 345 1317 4440
374 1257 427 1317 444
459 1256 527 1317 dih.
552 1256 658 1316 Plures
681 1251 750 1332 ejus
775 1254 927 1333 Epistolae
981 1257 1030 1317 444
1043 1257 1169 1319 alteram
1184 1251 1384 1332 F.Baphaelis
1397 1251 1437 1313 ad
1449 1253 1507 1314 Ser
1520 1251 1695 1313 Colluoium:

202 1368 274 1413 cum
288 1349 410 1410 ineditis
426 1347 747 1424 Petrarohae,hretini
759 1348 927 1410 etaliorum
981 1352 1070 1412 aliam
1091 1366 1164 1410 vero
1184 1348 1308 1411 Collucii
1327 1344 1367 1408 ad
1387 1345 1523 1421 eundem
1547 1345 1627 1407 idem
1652 1346 1694 1407 la

202 1446 338 1504 virorum
353 1443 519 1503 illustrium
534 1441 584 1502 illa
594 1447 694 1503 aetate
703 1440 927 1522 Epistolisede-
982 1445 1062 1505 mins
1079 1442 1189 1503 ibidem
1205 1441 1352 1519 vulgavit.

203 1555 236 1597 44
250 1536 347 1596 voluit
362 1535 397 1597 V.
414 1534 450 1595 C.
466 1534 633 1596 anselmus
649 1536 820 1597 Bandurius
836 1535 928 1614 pluri·
1022 1538 1075 1615 (73
1091 1536 1190 1598 Editio
1202 1535 1407 1614 Epistolarum
1421 1550 1439 1594 a
1453 1533 1573 1594 Mansio
1596 1548 1691 1594 memo

203 1629 263 1692 bus
279 1631 308 1689 44
326 1634 434 1707 quarta
444 1628 539 1688 iorma
550 1629 768 1702 VoluminibuS,
779 1628 832 1690 sed
843 1629 881 1690 ab
890 1625 926 1690 A·
982 1639 1048 1696 rata
1063 1630 1172 1710 prodiit
1191 1634 1255 1707 typ.
1269 1630 1296 1688 4.
1310 1628 1429 1705 Bigacci
1454 1633 1585 1688 curante
1599 1627 1687 1687 lamio

205 1722 284 1785 4703
302 1739 362 1800 quo
376 1739 447 1800 spes
464 1720 557 1799 hujus
571 1724 613 1784 rei
628 1723 715 1783 nobis
732 1723 809 1783 iacta
826 1729 874 1783 est
883 1723 927 1799 al,
982 1725 1049 1787 Alia
1061 1725 1145 1805 prius
1160 1721 1312 1801 prodierat
1326 1728 1390 1799 hyp.
1405 1722 1436 1780 Ρ.
1454 1719 1492 1781 Α.
1508 1721 1626 1782 viviani
1638 1737 1685 1781 cor.

205 1815 279 1875 nihil
297 1814 377 1893 quod
402 1816 497 1876 sciam
520 1814 588 1892 eius
615 1814 716 1876 lucem
733 1814 818 1876 vidit.
840 1816 928 1877 Liber
982 1823 1014 1882 L.
1029 1819 1152 1881 ldehas:
1168 1818 1258 1878 istius
1277 1831 1350 1876 vero
1367 1814 1513 1875 volumen
1532 1815 1560 1875 ll
1577 1831 1631 1875 aon
1649 1828 1685 1893 pa

205 1907 241 1969 dc
261 1905 413 1968 nobilitate
430 1909 542 1988 449444
558 1913 588 1969 ct
602 1907 786 1986 Medr'cihoe,
815 1911 845 1969 in
867 1927 927 1988 quo
982 1916 1052 1976 ruit.
1068 1916 1179 1975 Decem
1200 1909 1352 1989 Epistolae
1376 1908 1483 1970 italice
1508 1915 1643 1971 exaratae
1663 1909 1683 1966 ir

204 2003 336 2083 palmam
366 2002 471 2064 tribuit
503 2001 786 2081 Jurisprudentiae‚
817 2003 927 2082 prodiit
982 2009 1125 2070 Lamiana
1140 2004 1310 2083 leguntur.)

203 2098 339 2158 Venetiis
356 2096 456 2171 4542,
474 2097 501 2156 8.
520 2095 655 2176 Epistola
668 2096 706 2158 ad
723 2095 925 2173 Ubaldinuru,
1021 2097 1252 2164 COLMANNUS
1267 2097 1407 2176 Augias,
1423 2101 1620 2172 cognomento
1641 2094 1682 2155 So

205 2207 266 2252 444
281 2207 352 2251 cum
368 2187 528 2270 Epitaphio
543 2189 574 2248 44
587 2190 702 2270 Lupum
718 2187 755 2250 dc
773 2187 926 2251 castellio·
976 2194 1080 2276 pieos‚
1096 2195 1174 2255 vixit
1189 2194 1270 2253 circa
1282 2191 1407 2252 honum
1425 2189 1505 2252 4200
1523 2196 1556 2250 44
1571 2190 1635 2249 licet
1646 2188 1679 2246 44

202 2302 258 2362 ce,
276 2281 494 2359 Florentinum,
509 2284 657 2362 scriptum
671 2284 830 2360 versibus,
844 2282 926 2363 quod
979 2299 1027 2353 ter
1043 2289 1206 2351 4444444444
1233 2288 1355 2347 Latinos
1378 2301 1397 2345 4
1422 2285 1533 2346 vossio
1558 2283 1680 2350 refertur,

206 2378 301 2439 edidit
319 2376 498 2439 Lambecius
525 2382 600 2436 lom·
616 2378 642 2439 Il
656 2421 663 2454 ‚
679 2392 748 2456 pag·
765 2378 834 2438 940·
854 2376 927 2457 Epi·
981 2401 1040 2445 non
1058 2383 1162 2443 Latine
1180 2379 1319 2458 scripsit,
1337 2375 1392 2437 sed
1407 2377 1557 2438 Saronica
1576 2373 1680 2435 dialecto

206 2470 342 2552 taphium
355 2468 479 2532 Nicoloo
496 2469 664 2550 Capucchr'o
678 2470 832 2534 Cardinali
849 2473 928 2551 posi·
981 2478 1099 2539 illorum
1116 2481 1287 2552 temporum
1304 2468 1535 2548 hcorpthnem
1557 2464 1680 2547 44494444,

205 2572 272 2626 turn
288 2569 391 2626 exstat
404 2563 483 2643 apud
500 2565 694 2627 Giamonium
709 2571 783 2624 tom.
801 2566 842 2639 44,
859 2581 926 2644 pag.
981 2588 1089 2649 eamq3
1108 2567 1227 2628 fidelius
1238 2582 1330 2643 quam
1347 2562 1566 2642 elegantiusab
1579 2574 1683 2622 eocora

206 2659 265 2721 540
282 2666 315 2719 44
338 2659 368 2720 44
394 2658 577 2721 Bibliotheca
596 2659 776 2720 Germanica
795 2664 867 2719 tom.
895 2660 927 2736 1,
981 2667 1108 2746 positam
1126 2659 1277 2722 Lelandus
1291 2675 1357 2736 cap.
1371 2657 1431 2718 204
1450 2657 1545 2717 refert
1554 2655 1682 2717 evolvas

206 2767 273 2830 pag.
293 2753 359 2812 430.
388 2753 514 2816 Caetera
541 2749 609 2829 ejus
625 2758 699 2814 suat
716 2748 792 2811 h'hcr
814 2750 850 2812 dc
865 2749 930 2832 for-
981 2775 1015 2819 se
1032 2759 1062 2816 in
1079 2754 1262 2817 Bibliotheca
1274 2752 1397 2813 Paulina
1414 2749 1608 2811 Londineusi.
1621 2745 1684 2808 4444

207 2847 281 2903 tuno
297 2849 328 2904 et
344 2841 408 2924 foto
435 2846 467 2907 44
492 2845 626 2923 quinque
642 2845 803 2905 Tractatus
822 2843 930 2904 distin·
982 2850 1145 2912 dicendum
1161 2848 1200 2908 de
1217 2846 1285 2924 ejus
1303 2843 1471 2920 Chronico,
1490 2860 1552 2922 quo
1568 2857 1650 2904 usum
1661 2852 1686 2897 st

206 2942 294 3012 ctus,
309 2937 348 2998 ad
364 2938 493 2999 Felicem
508 2937 657 2999 44444444
669 2938 794 3000 Cisterc.
815 2940 882 3016 (cui
894 2938 930 2999 li·
982 2945 1140 3026 profitetur
1153 2944 1270 3003 amicus
1286 2939 1354 3017 ejus
1365 2938 1521 2999 iohannes
1538 2935 1686 3012 llardiugat

206 3029 408 3092 4444444444
424 3030 462 3091 de
485 3032 658 3106 Dominico,
674 3029 795 3090 Ordinis
811 3029 930 3092 Praedi-
983 3046 1015 3100 et
1031 3037 1068 3098 de
1093 3033 1236 3113 canopo
1252 3035 1367 3112 Bepara
1382 3028 1514 3110 hoplioc
1534 3037 1567 3091 et
1585 3024 1686 3104 044444

151 3179 154 3186 .
208 3131 363 3201 catorum,
381 3126 434 3203 qui
451 3122 508 3185 44.
538 3125 615 3185 4440
634 3123 725 3199 44444,
743 3123 927 3200 cardinalis,
982 3131 1019 3193 de
1035 3128 1124 3191 1444444
1139 3126 1277 3204 Bahieis,
1295 3130 1539 3204 quaememorat
1554 3123 1687 3185 44444444

207 3216 340 3279 locutam
362 3219 459 3278 noctis
479 3220 636 3297 opposuit,
654 3220 684 3278 in
701 3235 761 3296 quo
782 3217 929 3279 christia·
982 3225 1092 3286 Baleus
1102 3224 1151 3283 444.
1164 3222 1202 3281 43
1212 3227 1304 3298 capue
1314 3237 1353 3279 44
1364 3219 1415 3279 illo
1425 3208 1689 3282 lohannesPirseas

91 3369 94 3373 .
208 3311 308 3386 4444)
326 3318 450 3373 accusat
476 3309 514 3372 de
531 3310 632 3372 studio
649 3310 807 3372 immodico
825 3311 930 3372 Genti·
982 3335 1049 3397 pag,
1067 3316 1136 3377 266.
1151 3315 1275 3375 Dubitat
1291 3311 1462 3374 Guilelmus
1472 3306 1690 3373 Nicolsonusli

209 3405 283 3465 llum
300 3404 500 3480 litterarum.)
529 3397 666 3465 Historia
680 3402 717 3463 dc
736 3421 812 3464 cusat
836 3401 927 3463 homi-
983 3410 1131 3472 hliotheca
1140 3409 1356 3469 Historieorum
1367 3405 1495 3485 Angliae
1506 3422 1575 3485 pag.
1593 3405 1612 3466 2
1628 3400 1691 3462 idea

208 3495 270 3574 444,
287 3513 379 3572 quam
396 3499 576 3576 auctoripse
593 3499 686 3557 vertit
696 3497 799 3557 italice
809 3496 866 3558 sub
877 3512 931 3557 no·
984 3520 1022 3564 44
1039 3502 1088 3562 444
1107 3503 1148 3562 sit
1163 3517 1234 3561 cum
1250 3498 1483 3562 COLEBANNO
1500 3497 1641 3560 llonacho
1654 3493 1694 3554 44-

210 3591 291 3647 mine
299 3586 779 3649 GothohdeBerciaaatBerde
793 3588 930 3669 Moeno
958 3610 961 3616 ·
984 3596 1154 3676 gorniensi,
1172 3596 1224 3673 qui
1241 3594 1364 3671 scripsit
1383 3591 1481 3654 Vitam
1498 3593 1531 3654 S.
1551 3585 1694 3659 Woirtoat',

210 3680 249 3742 ad
265 3679 431 3741 Antonium
448 3679 599 3759 Aquilam.
618 3680 765 3744 Carmina
791 3681 931 3743 exhorta·
984 3690 1123 3768 Episcopi
1147 3689 1371 3763 Worcestriae,
1396 3686 1463 3746 sive
1485 3685 1695 3765 vigorniensis,

210 3773 477 3835 toriaadlacobum
488 3774 674 3853 Allegretum
686 3775 930 3850 Forolivieusem‚
985 3782 1120 3844 defuncti
1141 3781 1197 3842 An.
1216 3781 1304 3843 4095,
1326 3781 1353 3855 a)
1374 3781 1418 3840 De
1435 3779 1591 3840 Wolstani
1610 3780 1697 3838 vitae

210 3884 249 3928 44
272 3867 451 3946 prophetare
482 3868 595 3929 vellet:
626 3865 788 3947 Phyllisjet
807 3862 931 3946 Daphne
984 3873 1177 3936 BRAVONlO
1195 3876 1308 3953 scripta
1322 3873 1384 3934 dixi
1401 3888 1496 3951 snpra
1512 3889 1583 3952 pag.
1594 3871 1650 3934 253
1663 3868 1698 3930 di·

210 3962 328 4040 aliaquo
346 3960 494 4023 Carmina
510 3963 621 4040 scripta
638 3961 757 4022 italice·
770 3957 860 4021 Liber
874 3960 932 4020 De·
985 3985 1075 4028 versa
1092 3968 1130 4028 ab
1144 3966 1194 4028 illa
1211 3967 1442 4027 aGUlLELBlO
1462 3966 1698 4027 naimasBun'ou

210 4053 432 4117 clamationem.
450 4055 538 4116 Liber
552 4052 588 4115 dc
605 4059 673 4116 oric
689 4052 824 4115 dictandi
841 4061 899 4114 etc.
984 4063 1030 4136 si,
1047 4078 1138 4139 quam
1157 4060 1304 4138 digestam
1321 4063 1352 4119 in
1375 4059 1467 4119 libros
1484 4065 1552 4120 tres
1578 4055 1699 4138 vulgavit

251 4149 343 4212 *virt
364 4149 456 4209 huius
474 4148 639 4210 doctissimi
652 4149 803 4227 Epistolae
814 4147 933 4209 duobus
985 4155 1130 4217 eCodice
1147 4155 1326 4216 Cottoniano
1346 4153 1498 4213 llenricus
1522 4152 1699 4214 Warthoaut

210 4246 241 4304 in
252 4245 281 4304 8.
292 4243 384 4304 tomis
394 4257 518 4303 recusae
529 4247 602 4302 sunt
612 4242 778 4303 Florentiae
793 4257 841 4300 44.
854 4239 926 4302 4744
985 4254 1059 4307 tom.
1079 4249 1125 4323 ll,
1142 4247 1267 4326 hugliae
1283 4246 1392 4306 Sacrae
1413 4262 1481 4324 pag.
1499 4246 1572 4308 244.

210 4342 242 4396 44
261 4333 348 4397 4742.
362 4335 496 4412 Operum
513 4334 580 4395 eius
594 4334 756 4412 catalogus
772 4331 932 4392 exhibetur
1028 4338 1195 4402 chronicon
1207 4341 1473 4400 Dominicanorum
1484 4340 1702 4402 (1414444444-

212 4432 243 4490 44
258 4429 349 4509 priori
371 4435 471 4505 44444,
489 4430 520 4488 44
541 4443 601 4505 quo
621 4433 724 4488 444444
743 4424 933 4486 desideratur
985 4434 1085 4511 sium,
1110 4435 1176 4493 sive
1196 4431 1510 4496 COLhihlllENSlUll
1527 4438 1560 4496 in
1577 4436 1700 4504 hisatio,

212 4523 279 4583 cius
299 4523 417 4598 versio,
434 4537 490 4582 seu
510 4521 610 4598 potius
630 4519 800 4579 reformatio
821 4519 933 4577 versio
986 4544 1045 4603 quo
1063 4543 1165 4587 rerum
1191 4525 1461 4590 hLSthChltUhl
1479 4528 1618 4592 Annales
1642 4544 1701 4590 sac·

214 4618 261 4673 nis
277 4614 367 4675 libelli
384 4612 536 4675 Plutarchi
552 4612 591 4673 de
607 4610 747 4673 remediis
764 4611 834 4671 4444.
848 4612 931 4671 44444
985 4622 1224 4698 cincteprimum
1239 4622 1501 4700 perstringuntur,
1518 4621 1701 4684 deindeobc·

255 4765 282 4827 ἃ)
297 4770 428 4819 „emm
455 4768 487 4819 oe
511 4773 624 4821 mmm
644 4774 682 4820 m
709 4767 771 4818 itta
795 4770 825 4819 se
843 4770 925 4818 ‘emm
986 4714 1050 4774 rius
1059 4719 1239 4774 enarrantur
1249 4713 1287 4774 ab
1298 4713 1472 4777 44444244
1496 4716 1534 4777 ad
1553 4718 1699 4781 43044444.

211 4841 341 4900 Μ,
684 4806 691 4820 “
772 4802 780 4819 ’
826 4781 842 4831 ¹³
925 4804 933 4820 ⁶
987 4808 1031 4884 44,
1051 4808 1169 4868 Urstisii
1184 4824 1250 4886 pag.
1270 4809 1350 4869 402.

257 4911 285 4972 b)
301 4917 408 4966 lacobus
425 4919 512 4978 Quarti
523 4919 695 4972 bibliothocae
710 4919 935 4970 bomiulcauorum

211 4990 273 5034 044-
291 4988 318 5046 1.
334 5001 390 5051 ota·
408 4991 463 5040 ⁷7⁰.
1027 4991 1053 5053 4)
1060 4994 1339 5047 rreurrcusrruuonos
1348 5000 1367 5045 r.
1374 4994 1616 5058 limitaneorum
1623 4994 1702 5062 pact
