3458 5332
665 342 960 410 40000000
1016 322 1021 333 ’
1515 350 1556 413 m

58 448 108 511 iol
127 454 160 510 et
174 444 262 529 apud
282 446 527 528 Speelmunnlum
547 456 569 510 t.
591 453 603 513 l
624 450 780 515 concilior.
837 472 921 518 wcro
934 455 964 516 S.
979 455 1006 512 J.
1016 453 1047 512 in
1059 449 1208 513 sideribus
1220 451 1379 513 illustrium
1392 457 1425 514 et
1437 463 1555 518 sancto
1673 435 1689 468 ’

58 542 234 604 Britanniae
249 557 317 620 pag.
336 542 410 619 654,
424 543 481 603 364
496 544 546 605 ubi
559 549 591 604 et
603 547 726 625 antiqua
734 564 784 609 ea-
836 565 903 609 rum
920 547 1050 607 vitorum
1066 545 1254 617 Germaniae,
1271 547 1401 624 lingunt.
1419 549 1507 625 4646,
1523 550 1551 610 4.

59 650 129 696 rum
143 635 250 695 versio
263 636 369 697 Latina
383 652 448 715 pag.
463 634 521 699 375
541 642 573 698 04
588 638 661 700 04400
677 639 715 700 ab
733 638 785 701 dl-
875 638 1064 714 4464444446,
1078 639 1144 699 04440
1159 635 1338 713 Adeiberas,
1360 639 1409 701 vel
1428 638 1552 722 4444494-

59 725 153 789 vredo
169 732 205 789 et
221 726 383 789 Guthurno
394 728 471 790 40404
484 746 551 809 pag.
565 729 624 792 376
636 747 676 792 ex
685 733 783 793 veteri
834 751 903 811 444,
918 735 1066 795 Diacouus
1082 737 1114 792 et
1138 729 1339 792 scholasticus
1361 730 1556 814 leodiensis,

60 820 167 883 404400
181 821 326 881 versione
343 820 373 881 iu
387 820 531 883 Chronico
542 824 666 885 4000040
681 825 783 885 Brom-
835 827 941 888 deinde
957 825 1119 888 Monachus
1146 823 1351 885 cluniacensis
1379 824 1551 887 Benedicti-

60 911 686 995 proni,nbbatistometlensb,quaeapud
697 919 783 977 Lcm-
835 936 910 995 nus,
928 925 962 981 ut
977 923 1096 979 constat
1109 934 1147 977 ex
1160 914 1259 994 digeri
1276 914 1378 993 elogio,
1392 917 1548 998 quodipso
1674 942 1678 949 ·

61 1004 191 1068 bardum
206 1003 427 1069 desiderantur.
446 1005 660 1067 Testamentum
670 1005 782 1069 Allredl
834 1013 995 1092 superstite
1012 1012 1132 1090 scripsit
1147 1007 1281 1086 aequalis
1302 1005 1367 1085 ejus
1388 1008 1548 1086 Nicotaus,

61 1096 279 1180 hujusinejus
288 1099 352 1158 vita
361 1098 649 1178 scriptaabllsserio
659 1117 724 1180 pag.
732 1099 781 1163 44.
834 1091 1550 1178 canonieustemiensis,ediditqueuabidmius

102 1190 307 1255 temnus
333 1190 365 1251 iu
381 1190 581 1256 Glastoniensi
606 1195 782 1256 ldonasterio
834 1203 905 1257 tom.
923 1196 1083 1258 innatecl.
1104 1213 1164 1275 par.
1186 1194 1252 1268 ‚303
1279 1192 1437 1270 (editionis
1454 1213 1550 1257 novae
1578 1199 1581 1207 '

60 1288 225 1362 0440004440,
241 1290 334 1364 atque
347 1283 417 1347 inde
429 1302 469 1348 ex
481 1284 596 1357 abbate
604 1283 783 1348 4404044444·
834 1304 899 1369 pag.
915 1291 982 1351 449.
993 1290 1002 1366 l
1015 1287 1091 1368 lljus
1111 1285 1203 1349 iibrm
1218 1286 1270 1347 144
1293 1284 1329 1346 de
1358 1286 1550 1350 Sacramenta

59 1379 159 1443 rimri
180 1378 353 1459 Episcopus
381 1379 412 1439 iu
438 1377 544 1458 dugliu
561 1376 726 1443 erumna
751 1379 780 1438 in
836 1381 978 1461 Corporis
998 1380 1203 1461 ctSanpuiuis
1231 1378 1378 1442 DOMINI
1403 1378 1551 1442 adversus

60 1472 238 1535 westsexia
256 1472 390 1532 Devouia
418 1470 554 1551 Angliae,
584 1471 684 1533 clarus
703 1472 782 1532 circa
833 1475 1045 1553 berengarium
1070 1474 1207 1553 vulgavit
1226 1473 1384 1548 Erasmus,
1410 1470 1551 1535 44044400-

59 1565 252 1631 400040980
262 1565 383 1644 scripsit
393 1561 484 1626 libros
497 1563 533 1626 de
543 1562 780 1641 neturmrmnn,
833 1568 899 1646 piae
913 1569 990 1630 4536
1003 1585 1073 1629 cum
1089 1568 1281 1641 Praelatioue,
1291 1582 1382 1643 quam
1393 1566 1554 1645 4044044ρί-

60 1659 146 1725 etde
161 1655 260 1721 rebus
271 1654 412 1722 coenobii
424 1655 645 1734 diationico-sis,
656 1662 688 1718 et
703 1655 779 1719 ch.
834 1661 927 1722 stolas
944 1661 1061 1722 Erasmi
1078 1659 1202 1721 xxviii
1220 1659 1256 1720 46
1284 1677 1312 1738 p.
1330 1648 1416 1721 4657.
1437 1658 1556 1719 400444--

58 1751 225 1817 Ababa.
256 1749 331 1813 Vide
347 1752 480 1812 Pitseum
495 1767 562 1830 pag.
580 1750 638 1813 479
664 1766 728 1826 seq.
749 1755 781 1810 et
834 1769 945 1814 nenses
964 1753 1114 1814 exhibent.
1145 1754 1251 1814 llecusi
1276 1758 1348 1814 sunt
1371 1750 1479 1812 deinde
1510 1767 1549 1811 ex

58 1848 231 1915 ioiiannem
245 1845 350 1905 Princo
366 1844 396 1921 in
409 1844 489 1905 Viris
505 1843 672 1905 illustribus
685 1844 782 1903 Devo-
833 1847 1128 1908 ioannisvlimmerii
1140 1846 1326 1920 recensione,
1338 1846 1458 1907 Lovaoii
1471 1847 1545 1906 4564

59 1940 236 2021 iriensibus,
257 1936 310 1999 the
326 1936 472 1999 worthies
491 1936 524 1998 oi
536 1939 655 2012 lieven,
674 1936 779 1997 Exonli
832 1938 1446 2014 400Ρο004004,4004000044464444000444
1457 1940 1550 2018 scrip

60 2033 134 2095 47444
156 2031 208 2093 404.
223 2030 301 2093 llcta
314 2028 433 2095 Erudit
449 2026 527 2090 4764
543 2047 571 2106 p.
589 2029 657 2090 484.
833 2035 873 2093 440
889 2031 926 2094 de
941 2031 1045 2093 eodem
1059 2037 1242 2109 argumenta.
1255 2029 1327 2091 l'·Et
1340 2033 1369 2090 in
1387 2030 1546 2091 Bibliothe-

96 2123 301 2188 temous
309 2119 436 2198 Notius,
447 2122 530 2184 Oevii
541 2123 629 2201 ltegls
639 2121 782 2184 Neruam
833 2126 877 2186 cis
891 2127 1012 2187 Petrum
1027 2124 1118 2189 Paris.
1137 2123 1216 2185 4575
1231 2128 1311 2182 tomo
1325 2124 1363 2182 444
1379 2121 1436 2182 bn.
1453 2122 1547 2196 4589,

57 2220 258 2282 humbrcrum
267 2215 476 2278 exconcubina
485 2214 658 2290 tilius,exul
671 2215 782 2275 40840-
834 2218 1090 2291 salutaticom
1104 2217 1142 2276 vl
1168 2215 1268 2277 Coloe.
1287 2215 1367 2277 4646
1389 2221 1470 2275 40400
1491 2216 1547 2275 llll

57 2315 113 2391 tia,
128 2318 211 2374 teste
224 2308 333 2372 eodem
342 2308 440 2370 Pitseo
451 2324 517 2386 pag.
535 2307 593 2369 445
610 2304 718 2367 mutilis
733 2305 781 2366 lit-
832 2318 863 2373 et
877 2310 968 2391 Lugd.
987 2308 1064 2371 4677
1077 2315 1158 2368 tomo
1173 2310 1254 2369 XXI.

56 2413 193 2467 terarum
207 2418 243 2464 se
258 2407 358 2462 totum
367 2397 463 2477 dedit,
474 2398 603 2478 obiitque
614 2397 701 2460 Auno
710 2397 778 2460 7644
872 2405 991 2466 Librum
1009 2404 1190 2482 tripartitum
1205 2399 1241 2462 dc
1256 2398 1478 2476 monueram,
1493 2399 1548 2482 ja

55 2499 104 2561 iix
131 2496 256 2576 seriptis
284 2491 367 2571 ejus,
388 2509 517 2571 quorum
545 2491 678 2572 plurium
699 2493 779 2569 ipsos
831 2496 924 2574 stinb,
942 2494 1018 2558 etde
1032 2493 1105 2568 44440,
1123 2492 1178 2573 qui
1191 2499 1284 2555 ecctra
1300 2492 1547 2570 Ecclesiamiex-

56 2593 152 2652 etiarn
165 2588 274 2650 titulos
299 2587 343 2649 ait
371 2583 571 2661 intercidisse3
605 2583 678 2644 nibil
698 2582 779 2645 aliud
831 2589 1065 2665 communicatis,
1075 2584 1546 2662 damnatis,sohismaticis,bue-

55 2684 290 2754 commemorat,
299 2695 391 2759 qurum
405 2674 568 2757 Epistulam
577 2674 778 2737 0444404000-
831 2682 948 2758 0044040)
969 2683 1084 2759 primus
1099 2695 1138 2738 ex
1155 2679 1250 2740 tribus
1265 2679 1424 2742 codicibus
1439 2679 1545 2758 vulga-

54 2791 130 2835 nam
141 2772 308 2836 colludium
324 2788 428 2848 suum,
445 2767 644 2848 aliamquead
654 2768 776 2831 44444004
829 2776 874 2834 vit
887 2772 1065 2836 Edmuudus
1080 2772 1214 2832 llartene
1232 2779 1311 2832 tomo
1328 2773 1432 2850 quinto
1448 2769 1546 2832 Auec-

54 2864 263 2941 somareon,
280 2870 313 2926 04
325 2861 436 2925 librum
450 2860 657 2942 Epr'stolamtm
668 2861 710 2922 ad
720 2862 776 2927 Cor
827 2865 962 2928 dotorum
978 2880 1043 2944 pag.
1061 2863 1148 2936 4046,
1160 2866 1305 2940 premisso
1320 2865 1418 2924 etiam.
1431 2861 1541 2924 Nicolai

56 2959 369 3025 bmmwnetsaot.
827 2956 1104 3035 Leodiensis,quod
1118 2953 1186 3033 jam
1196 2957 1359 3018 memoravi
1379 2956 1492 3034 elogio,
1509 2960 1544 3016 04

93 3052 293 3115 4484446448.
310 3066 414 3128 supra,
430 3047 635 3110 AELFlllCUS.
827 3048 925 3130 digeri
938 3051 1131 3128 praelatione,
1144 3068 1235 3129 quam
1246 3047 1545 3109 solumblabillonius.

96 3144 300 3215 neumatis,
314 3141 414 3204 abbas
429 3143 461 3203 8.
477 3139 775 3218 Aiboaifflenedicti*
826 3144 1004 3222 vulgaverat
1022 3146 1129 3204 tomol
1153 3143 1363 3205 nnalecuorum
1384 3155 1449 3218 pag.
1473 3138 1541 3200 ³07:

56 3256 131 3316 nus,
146 3236 237 3317 cujus
251 3233 433 3314 litteratam,
449 3252 541 3315 quom
558 3232 600 3295 od
614 3250 703 3296 mam
713 3235 776 3296 440
829 3237 837 3312 t
846 3235 988 3297 editionis>
1001 3251 1097 3297 novae
1108 3252 1173 3315 pag.
1193 3233 1279 3308 436.)

53 3333 184 3399 ebonem
195 3346 323 3393 44404444
336 3326 512 3406 0044004444,
528 3326 629 3389 laudat
652 3326 777 3387 44044440-
869 3328 980 3390 Eodem
992 3328 1108 3390 Nicolao
1119 3334 1196 3389 teste
1206 3325 1361 3405 amiqaom
1371 3324 1549 3405 dipsitotem-

51 3444 111 3490 eus
126 3425 211 3488 Paris
226 3429 259 3484 et
271 3439 310 3483 er
329 3437 364 3482 eo
381 3422 504 3483 Pitseus
513 3436 578 3500 pag.
596 3419 656 3480 645
675 3434 710 3481 ac
722 3420 776 3480 lta·
830 3421 1000 3483 leodiensis
1026 3420 1178 3482 Ecclesiae
1197 3418 1341 3480 reditione
1367 3422 1397 3479 44
1420 3418 1549 3498 scriptis.

53 3521 125 3583 leus
137 3519 263 3581 (lentur.
278 3516 307 3577 44
320 3529 350 3592 p.
365 3514 414 3574 66.
556 3594 559 3599 ἢ
828 3514 972 3594 mojorem
988 3513 1062 3576 adea
1086 3512 1239 3592 ddipmtcr
1256 3509 1362 3589 babuit
1378 3510 1544 3590 cognitam,

93 3615 142 3675 De
151 3612 221 3674 aliis
234 3607 406 3672 4444444448
423 3623 514 3687 supra
530 3607 560 3666 40
576 3603 759 3666 4444444460.
828 3611 869 3666 ut
881 3622 947 3667 eom
961 3612 1051 3675 totum
1066 3604 1108 3666 ad
1116 3599 1282 3668 subsidium
1295 3603 1455 3665 memmiae
1464 3604 1544 3665 scri-

46 3775 49 3781 ,
93 3702 296 3779 4446444448,
323 3702 389 3762 sive
412 3696 565 3780 4444444444
591 3696 776 3776 llinigarde-
824 3704 909 3778 ptam
923 3697 1091 3778 reliquerit.
1112 3698 1171 3775 Sed
1198 3714 1255 3757 non
1279 3697 1376 3757 lucem
1399 3696 1476 3757 vidit
1496 3698 1545 3760 illa

55 3798 218 3874 4044440040,
233 3796 299 3857 sive
314 3793 555 3858 ldonasteriensis
570 3792 602 3851 in
616 3789 776 3869 Westpba-
829 3792 1012 3866 lucubratio,
1025 3794 1104 3853 sicut
1121 3807 1176 3851 nec
1191 3788 1367 3853 carminum
1380 3788 1463 3858 liber,
1474 3807 1544 3851 nam

54 3893 94 3953 440
107 3892 277 3971 Episcopus
287 3888 324 3950 ab
339 3886 426 3949 Anno
439 3885 498 3947 839
516 3883 554 3944 ad
570 3883 638 3944 849.
652 3883 777 3961 Scripsit
828 3891 860 3944 et
879 3900 969 3944 versu
984 3883 1129 3954 valuisse,
1147 3882 1328 3942 Trithemius
1343 3898 1406 3958 cap.
1428 3882 1486 3941 348
1507 3882 1559 3943 de·

54 3982 93 4045 044
107 3981 271 4045 4400004400
291 3979 429 4043 Gocnobii
442 3978 472 4039 S.
495 3975 657 4041 8044040040
681 3973 775 4035 Vitam
830 3978 860 4038 8
877 3978 911 4039 Ε.
927 3981 959 4036 44
973 3976 1020 4036 lib.
1037 3976 1062 4035 ll
1078 3986 1141 4053 cup.
1156 3975 1194 4032 90
1212 3973 1249 4033 de
1266 3971 1433 4033 illustribus
1450 3975 1545 4034 Bene-

55 4077 87 4138 S.
102 4068 249 4155 maaet
260 4072 349 4152 primi
364 4070 403 4132 ab
412 4067 504 4135 Anna
515 4065 777 4146 8tt.,lttnigude
829 4068 950 4130 dictinis
964 4076 1012 4128 est
1026 4071 1165 4127 testatus.

59 4165 466 4245 emmerammianos
490 4165 589 4227 010404
605 4161 691 4228 nous
710 4161 776 4228 iliu
869 4162 1019 4223 Libellum.
1029 4156 1182 4238 depretia
1198 4163 1227 4218 et
1239 4156 1332 4219 libem
1345 4154 1554 4233 arbitriacu.

58 4264 154 4323 strata
169 4261 201 4320 in
216 4256 302 4320 Actis
328 4258 505 4320 8000400400
529 4255 568 4316 46
584 4255 690 4317 4400444-
703 4260 774 4320 tam
826 4254 878 4336 jus
892 4257 1073 4316 mundonem
1091 4252 1160 4313 iacit
1176 4252 1372 4325 Tritbemius,
1401 4249 1549 4311 debemus

59 4353 99 4415 444
129 4340 199 4433 pag.
220 4350 279 4413 646
295 4355 327 4412 04
356 4351 385 4409 40
415 4347 572 4411 4404444004
589 4345 715 4409 Saeculo
737 4347 777 4409 lV
829 4350 902 4414 Viro,
918 4348 1087 4416 Clarissimo
1100 4344 1251 4407 Bernardo
1271 4346 1342 4421 Pez,
1359 4345 1409 4421 qui
1429 4359 1467 4402 er
1488 4341 1532 4402 Co

58 4443 206 4507 litterum
221 4441 481 4507 Benedictinetum
495 4456 560 4519 peg-
575 4436 628 4520 451,
648 4437 776 4516 denique
829 4441 895 4502 dice
919 4440 1145 4502 Ulienbachiano
1163 4439 1246 4500 444040
1264 4437 1386 4516 protulit
1404 4439 1493 4497 tomo,
1506 4433 1546 4499 lv

57 4538 174 4601 0044400
188 4542 221 4598 04
235 4535 418 4597 emendatior
441 4530 480 4594 ex
506 4533 588 4593 ‚llStc
602 4530 777 4610 Gvelierbu·
830 4533 1049 4598 Anecdotorum
1066 4535 1152 4593 Parte
1169 4532 1193 4592 ll
1212 4532 1359 4611 papilii.

59 4628 173 4691 tanain
181 4626 319 4691 4044004444
336 4624 536 4706 scriptoribus
551 4624 777 4696 4400004404ηο4,-

59 4724 117 4784 400
133 4721 234 4782 toml
255 4737 321 4800 pag.
338 4720 377 4781 85
394 4735 453 4781 uua
473 4730 543 4779 0000
569 4723 709 4796 excerpto
737 4733 776 4778 ex
868 4716 1335 4780 ⁸mnurnuetcilmunuseupiu
1348 4713 1552 4776 lignunprm·

59 4814 172 4877 litaniis
185 4812 368 4894 rhythmicis
382 4815 475 4874 vitam
491 4812 521 4873 s¹
534 4806 662 4890 Ludgesj
683 4811 777 4871 conti-
825 4792 873 4843 tert
887 4796 975 4842 Petrus
990 4792 1171 4849 eluulrcrnsir.
1188 4793 1298 4841 0040040
1313 4789 1394 4853 tauto
1415 4789 1492 4837 etiem
1505 4790 1551 4850 Ju-

825 4867 882 4922 44400
897 4864 930 4917 nd
946 4871 1046 4917 lunum
1066 4863 1127 4915 4462
1146 4878 1216 4915 num.
1235 4862 1264 4914 46
1282 4875 1355 4914 nemo
1372 4860 1477 4921 melius,
1501 4862 1551 4912 ctr-

62 4904 221 5012 mubffl’
235 4904 415 5012 werthinae
439 4904 565 5010 mn?
593 4901 777 4965 C⁰⁰f⁰oe¹¹d³
824 4941 893 5000 rtur,
909 4939 1066 5009 eloquentius
1082 4940 1215 4991 4044004400
1228 4938 1259 4990 dc
1271 4940 1297 4990 4.
1312 4936 1473 4989 4004404444
1497 4942 1554 4987 444-

62 5006 125 5065 itit
139 4996 269 5079 ludgeri
295 4997 419 5078 44444040.
438 5015 456 5060 0
479 4996 689 5079 6000400400
708 4998 778 5069 Bm
829 5009 922 5072 0004.
1171 5074 1189 5131 9
