3464 5318
197 325 260 386 430
487 379 491 389 ,
838 314 1046 383 4444810

234 432 299 493 Otto
314 429 350 492 de
360 431 389 493 S.
402 428 546 503 obusto,
556 426 717 489 Monachus
728 426 848 491 Onlinis
859 430 913 489 lle-
969 445 1041 490 num
1056 427 1134 491 4440
1148 424 1281 488 00000400
1295 430 1377 504 4000,
1393 426 1458 489 libri
1472 428 1587 492 xxxi.
1603 430 1692 494 Besa·

193 526 302 587 nedict.
319 527 350 586 in
366 524 497 586 llioeoesl
512 522 753 596 constantiensi,
770 539 822 600 qur
843 538 914 583 con·
967 520 1040 584 dum
1054 522 1182 584 duamm
1202 521 1353 602 priorum,
1368 537 1445 598 quae
1461 524 1489 581 in
1511 520 1602 584 Anno
1618 526 1691 587 4400

193 621 314 697 scripsit
327 617 466 677 Chmniei
482 615 601 675 Ottonis
628 616 827 694 Frisingensis
843 632 914 675 oon·
967 615 1130 690 desinunt,
1143 614 1301 695 Epitomen
1316 617 1483 694 composuit
1501 617 1618 679 AEneas
1628 620 1691 697 Spl-

194 713 390 772 tinuationem
412 709 450 770 ab
469 707 558 770 huno
580 707 658 771 4440
678 724 777 787 usque
793 707 831 769 44
852 707 915 769 An·
967 709 1056 785 vius,
1070 715 1178 791 postea
1196 709 1267 770 Pius
1281 708 1306 768 44
1324 710 1400 786 Papa
1413 755 1420 783 ,
1435 726 1513 787 quae
1535 709 1649 790 legitur
1660 713 1688 772 in

193 821 267 865 num
285 804 361 865 4400
378 819 447 864 cum
465 801 569 862 eodem
587 800 699 862 editam
716 799 755 861 ab
776 801 912 862 Urstisio.
967 802 1034 882 0400
1047 800 1194 882 Operibus
1208 818 1273 882 pag.
1290 800 1436 862 444-484.
1460 852 1463 859 .

192 897 344 956 lohannes
357 912 430 956 vero
443 892 589 956 llaroldus
605 896 695 954 ettam
709 893 822 953 evolvit
833 892 912 954 41404
1008 896 1042 957 40
1061 895 1160 956 4444040
1181 890 1376 955 Emditorum
1398 893 1499 955 ltaliae
1520 900 1597 956 tom.
1616 896 1687 974 xit,

192 988 259 1067 ejus
273 991 432 1069 scriptum,
444 985 492 1049 cui
510 987 630 1048 titulus:
647 983 914 1048 ostunensem
966 1000 1032 1068 pag.
1048 984 1105 1048 sm
1123 993 1327 1048 memorantur
1339 986 1442 1047 Biondi
1466 989 1600 1067 scriptu,
1615 1006 1688 1067 quae

193 1082 238 1143 sio
255 1081 405 1145 Chronica
415 1079 527 1162 004400.
540 1080 616 1140 Libri
625 1080 738 1159 series,
750 1080 847 1156 inquit
856 1079 914 1139 440-
967 1082 1065 1144 iucem
1081 1096 1139 1141 non
1154 1079 1307 1142 viderunt:
1322 1076 1411 1141 44000
1427 1079 1464 1140 de
1475 1079 1624 1143 inustione
1637 1085 1689 1144 lto·

193 1175 313 1249 raldus,
328 1192 434 1235 omnes
450 1189 552 1234 sacrae
569 1172 709 1234 historiae
725 1172 912 1252 genealogias
966 1190 1057 1234 mauu
1070 1173 1108 1234 04
1129 1168 1337 1233 Leoohardum
1354 1172 1533 1235 Aretinum:
1556 1175 1687 1236 Historia

191 1269 229 1330 44
246 1269 455 1345 Timotheum,
471 1269 631 1344 Titumque
648 1267 732 1327 Pauli
750 1262 912 1344 discipulos
966 1265 1197 1341 Forolioiensis,
1214 1273 1245 1326 et
1261 1263 1444 1328 Consultatio
1459 1284 1503 1326 aa
1518 1263 1630 1328 0044400
1642 1267 1686 1331 004

190 1379 289 1442 usquo
307 1362 410 1441 figuris
423 1361 547 1441 pulchre
564 1357 731 1438 distinguit.
743 1359 826 1439 Opus
839 1375 912 1420 0000
961 1377 1110 1440 paucum
1122 1358 1226 1420 4400040
1238 1357 1335 1438 mapt's
1345 1357 1490 1438 00004404
1497 1359 1687 1441 Reipublicae

189 1451 913 1534 010040004000(0004000404οω.4004000000·
969 1454 1100 1514 Venetae.
1115 1455 1168 1515 Hic
1185 1459 1233 1513 004
1254 1450 1403 1526 Blondns,
1420 1454 1468 1513 oui
1490 1455 1623 1515 Brutum
1643 1456 1686 1518 Ci-

190 1547 330 1610 04400000
347 1546 489 1609 historiae
505 1553 614 1607 sacras
625 1544 847 1628 0004400000,
858 1559 912 1605 uec
965 1550 1082 1608 ceronis
1098 1546 1257 1619 dehemus,
1272 1546 1383 1624 044000
1400 1547 1491 1607 refert
1506 1548 1537 1606 in
1552 1548 1640 1609 ltalia
1652 1548 1683 1610 il·

190 1631 249 1701 000
262 1629 472 1726 difficulmtem.
967 1640 1092 1702 lustrato
1117 1657 1183 1721 pag.
1206 1638 1273 1699 340.
1299 1639 1360 1700 Nos
1384 1655 1457 1700 vero
1473 1656 1544 1699 cum
1556 1637 1686 1719 00044040

230 1735 494 1797 0444040044)Ηὸ
516 1733 727 1814 4000004400
750 1734 913 1798 Gambren-
960 1732 1084 1813 patriae
1101 1728 1266 1793 tractandis
1282 1731 1405 1812 nepotiis
1418 1729 1622 1794 adolescentes
1630 1734 1684 1794 440

192 1831 255 1905 040,
271 1835 391 1907 0040400
407 1826 484 1889 40000
498 1844 683 1903 communes,
701 1845 777 1905 quos
794 1830 911 1888 4440000
964 1824 1116 1888 diolauum
1144 1824 1344 1900 adiissemus,
1374 1826 1505 1885 Brutum
1531 1823 1570 1886 de
1596 1823 1684 1888 aloru

189 1939 255 2001 pag.
268 1922 567 1984 tlt‘commemorat:
583 1920 673 1999 40004
683 1919 910 1982 Ecclesiasticus
967 1917 1146 1982 Oratoribus
1158 1918 1256 2000 00004
1269 1918 1400 1979 omnium
1419 1917 1558 1980 mirabili
1577 1919 1684 1982 ardore

188 2014 275 2077 Hosti
288 2015 375 2093 040,
392 2018 458 2078 sive
474 2013 569 2090 Boni,
585 2016 674 2093 liegis
691 2014 816 2075 Walliae
832 2016 910 2075 circa
963 2011 1001 2076 00
1014 2013 1163 2075 celeritate
1188 2011 1454 2093 transcripsimus,
1478 2031 1522 2074 00
1546 2030 1609 2094 quo
1623 2014 1685 2095 pri

187 2109 311 2172 Annum
333 2110 390 2171 040
412 2111 489 2172 latas
518 2111 621 2170 Latine
646 2110 752 2182 vertit,
774 2105 869 2168 editos
893 2123 911 2168 4
963 2126 1045 2170 mum
1058 2110 1204 2172 Veronam
1215 2107 1360 2183 Gerontio,
1367 2106 1624 2186 postteouhordo
1633 2109 1682 2168 10

188 2204 388 2283 Speelmonno
405 2209 477 2265 tom.
493 2205 514 2265 l.
533 2202 643 2265 Consti.
659 2202 828 2262 Britanniae
844 2217 909 2280 pag.
963 2201 1091 2265 stiniaao
1109 2191 1684 2277 0040440000,004010400000

190 2297 338 2358 tos-tls.
351 2305 442 2375 atquo
454 2300 484 2356 in
499 2296 697 2357 Conciliomm
714 2292 844 2354 editione
855 2294 912 2355 440
959 2295 1022 2379 plis
1035 2296 1154 2376 pariter
1166 2293 1346 2377 estrepleto.

189 2392 236 2469 gia
262 2396 333 2450 tom.
355 2390 449 2452 XXV.
477 2389 586 2449 Labbel
602 2393 675 2447 tom.
692 2387 742 2447 tx.
767 2386 910 2448 444040404
1004 2391 1128 2453 BOBlNl
1150 2389 1317 2453 Chronioon
1330 2436 1337 2467 ,
1352 2388 1441 2464 inira,
1459 2388 1606 2470 000444,
1622 2390 1681 2451 sive

190 2489 263 2541 tom.
279 2483 316 2542 Vl
335 2481 496 2542 etVeneta
513 2480 607 2543 coleti
624 2486 686 2539 tom
713 2481 765 2540 xi.
962 2484 1115 2546 BONlZZl.
1550 2508 1553 2513 ·

134 2639 139 2655 ⁸
230 2571 909 2650 40040040004484000440400040(4400044)
1003 2574 1682 2655 00004404480000000004400004000040·

191 2685 229 2729 ex
245 2667 476 2729 Bavaldiuorum
495 2667 625 2740 tamilla,
641 2666 817 2727 Pontificum
834 2669 909 2727 4440.
964 2671 1139 2733 4404000040
1153 2674 1182 2730 40
1198 2669 1325 2731 dioecesi
1340 2671 1503 2730 Basileonsi
1518 2671 1578 2732 sub
1590 2678 1682 2733 extre·

190 2763 317 2841 Eugeuil
338 2763 378 2823 IV
397 2762 505 2823 44400444
524 2762 548 2821 V
569 2759 686 2822 Callisti
711 2760 800 2821 44404
819 2763 859 2820 Pii
874 2761 910 2822 ll.
965 2774 1048 2827 mum
1064 2764 1156 2826 seculi
1172 2763 1306 2842 septimi,
1324 2764 1443 2842 scripsit
1460 2763 1558 2824 Vitam
1569 2765 1602 2826 B.
1616 2763 1682 2825 000

65 2856 72 2865 '
190 2857 396 2932 secretarius,
414 2853 575 2933 majoribus
595 2853 789 2932 dignitatibus
808 2855 913 2916 Eccle-
964 2856 1048 2918 mani
1056 2854 1179 2919 Abbatis
1190 2857 1277 2937 primi
1293 2856 1553 2918 Gmndlvallensls
1566 2863 1599 2918 et
1610 2854 1680 2918 04004

192 2951 322 3012 044044040
337 2949 564 3025 admovendus,
578 2950 636 3008 nisi
654 2962 777 3009 uxorem
789 2950 910 3010 Paulam
963 2951 1084 3013 Annum
1097 2950 1155 3012 077
1166 2952 1268 3012 440004
1280 2950 1436 3011 4040040004
1448 2951 1600 3028 Martyris,
1611 2966 1681 3029 quas

193 3044 416 3122 habuisset‚ox
430 3061 490 3122 qua
504 3041 725 3121 filiosquinque
742 3042 849 3104 lltteris
865 3058 912 3103 or·
964 3053 1064 3107 exstat
1083 3048 1113 3105 in
1135 3042 1219 3105 440440
1239 3046 1417 3106 Sanctorum
1444 3045 1478 3105 44
1506 3044 1594 3105 Febr.
1614 3052 1678 3105 tom.

192 3144 280 3199 natos
295 3138 415 3216 reliquit
427 3184 433 3214 ,
445 3136 608 3198 defunctus
616 3138 727 3196 Bomae
736 3135 822 3197 nano
834 3136 913 3198 4403
965 3139 1023 3219 444,
1040 3158 1106 3220 pag.
1127 3140 1185 3200 403
1199 3147 1230 3199 04
1245 3138 1444 3199 4044444οο044
1463 3136 1549 3199 40440
1562 3138 1680 3200 Benedi-

193 3234 301 3294 aetatis
318 3232 366 3293 75.
384 3232 509 3294 Erudite
525 3230 563 3291 40
579 3229 693 3291 Blando
705 3231 830 3290 Vossius
845 3246 911 3309 pag.
966 3237 1036 3295 etin.
1060 3237 1125 3294 Sec.
1147 3235 1166 3294 4
1185 3248 1251 3313 pag.
1274 3233 1341 3294 544.
1662 3310 1665 3315 Q

193 3328 262 3388 505.
282 3327 331 3387 004
347 3323 518 3403 jungendae
540 3322 672 3402 40004044
686 3325 755 3383 4004
773 3324 912 3383 observa·
1004 3327 1132 3387 locasses
1152 3325 1387 3401 nocentius,
1402 3330 1493 3386 natus
1512 3325 1644 3388 00044444
1655 3326 1679 3384 40

193 3421 291 3479 440000
301 3427 322 3478 t.
334 3421 390 3479 Xll
402 3416 691 3478 BlariiEruditorum
704 3418 840 3496 ltaliaop
854 3415 912 3478 370
966 3423 1072 3483 Tuscia
1093 3421 1149 3481 40.
1173 3419 1250 3482 4343
1272 3424 1303 3480 et
1323 3418 1359 3479 h.
1381 3417 1458 3479 4345
1479 3417 1592 3480 ibidem
1612 3434 1683 3481 mor·

199 3528 262 3588 seq.
278 3518 310 3571 et
325 3513 471 3571 Martinus
498 3508 647 3571 llancldus
664 3509 701 3569 40
714 3510 913 3571 Romanarum
967 3522 1039 3576 tuus
1055 3514 1127 3594 ,Vir
1140 3515 1258 3594 ingenio
1272 3510 1379 3573 nobilis
1393 3513 1514 3591 potius,
1531 3530 1626 3591 qnam
1639 3528 1682 3593 04·
1711 3536 1716 3544 ·

198 3619 300 3664 rerum
319 3603 519 3682 scriptoribus
529 3601 578 3662 lib.
592 3603 650 3682 4,0.
668 3601 722 3665 404
741 3620 804 3682 seq.
816 3610 847 3663 et
863 3604 912 3664 lib.
969 3624 1059 3684 nere,
1083 3606 1133 3668 vel
1158 3605 1374 3686 dignitatibus:
1397 3614 1415 3665 a'
1442 3607 1569 3667 Leontio
1590 3606 1684 3685 Pylnto

199 3698 246 3771 ll,
268 3714 334 3775 pag.
357 3697 410 3756 344
437 3711 501 3774 seq.
516 3697 549 3756 ln
570 3696 717 3775 Operibus
733 3697 836 3758 Blandi
846 3695 916 3775 jun·
968 3700 1684 3764 thessalonicensiedoetusHonerumamamur-

194 3790 267 3849 otim
281 3789 881 3851 0444400404404045594040004400040οε
967 3812 1027 3875 qua
1047 3794 1232 3873 intelligere,
1253 3811 1270 3854 4
1291 3792 1450 3854 0040400444
1471 3808 1596 3881 0000400
1621 3792 1683 3853 dare

232 3886 341 3944 Bomos
358 3881 570 3964 triumphantis
587 3879 692 3943 librili
707 3892 835 3962 quornm
852 3885 864 3944 l
881 3888 913 3943 ol
968 3891 1048 3951 omni
1070 3888 1181 3949 liberali
1203 3886 1356 3947 doctrinae
1376 3893 1467 3964 atque
1487 3885 1682 3965 eloquentiae,

191 3979 217 4038 ll
238 3977 431 4039 devotorum
456 3978 657 4038 Romanorum
686 3979 853 4056 Religione:
871 3978 911 4037 444
966 4000 1036 4044 cum
1063 3997 1122 4060 quo
1151 3982 1291 4060 Magistro
1312 3996 1367 4042 suo
1397 3978 1526 4040 Etrusci
1546 3977 1685 4040 sermonis

192 4071 231 4131 lV
247 4072 272 4130 V
288 4072 467 4150 Republica:
484 4072 523 4131 Vl
540 4072 591 4131 Vll
610 4072 723 4132 blilitia:
742 4073 807 4132 Vlll
824 4073 865 4132 ix
883 4071 911 4131 X
967 4074 1142 4155 0400004400
1158 4073 1201 4135 od
1216 4090 1366 4136 summum
1379 4070 1570 4152 perduxisse
1580 4071 1684 4151 judica

192 4165 370 4243 triumphis,
386 4164 564 4224 motibuset
580 4165 735 4224 institutis.
967 4178 1017 4232 400
1045 4176 1093 4230 004
1116 4168 1154 4230 40
1181 4169 1347 4247 Erythraeo
1374 4165 1578 4246 pinacotheca'
1605 4167 1684 4227 tertia

232 4261 341 4320 Bomos
362 4258 569 4336 instauratae,
587 4259 685 4334 qualis
704 4263 772 4336 0004
791 4256 913 4317 crebras
966 4282 1032 4344 pag.
1055 4265 1122 4326 449.
1138 4265 1250 4345 Monuit
1263 4279 1333 4324 eum
1349 4261 1379 4322 S.
1402 4261 1510 4322 Petrus
1532 4262 1682 4329 Petronus,

192 4354 380 4413 vastationes
392 4354 447 4413 4044
456 4351 762 4429 Blonditemporibus,
773 4347 847 4410 libri
855 4351 911 4410 444.
968 4374 1006 4419 ne
1021 4359 1140 4437 seriptis
1155 4359 1217 4418 suis
1231 4356 1387 4436 praeberet
1397 4354 1574 4433 exemplum
1588 4354 1683 4432 nequi-

232 4445 402 4525 00004οἰπο
416 4462 453 4505 ac
465 4444 556 4524 000440
577 4446 749 4504 Venetorum
765 4440 860 4522 tiber,
875 4463 914 4508 ex
969 4457 1045 4528 tiae,
1061 4453 1112 4531 qui
1133 4454 1224 4511 etiam
1240 4454 1369 4510 mortem
1385 4450 1412 4508 ei
1428 4449 1596 4509 instantem
1611 4463 1689 4527 0040

194 4539 322 4601 editione
335 4540 497 4600 Veronensi
513 4540 585 4601 4484
605 4538 653 4598 404·
969 4547 1080 4608 dixisse
1102 4544 1230 4606 traditur
1251 4547 1283 4604 in
1304 4544 1388 4605 Actis
1414 4543 1597 4604 Sanctorum
1626 4538 1686 4617 stoji

233 4632 322 4693 440440
337 4632 487 4706 lustrata,
503 4634 568 4692 sive
582 4628 735 4692 tttustrata
749 4650 803 4712 000
823 4635 917 4713 regio·
971 4647 1044 4702 tam.
1066 4639 1139 4716 Vll,
1159 4656 1226 4718 pag.
1241 4639 1309 4699 440.
1324 4638 1408 4698 444400
1421 4643 1525 4698 autem
1544 4637 1687 4716 nequitiae

197 4743 271 4802 nes,
286 4743 340 4787 sou
355 4728 523 4805 provincias
537 4726 642 4786 XVlll·
973 4736 1003 4795 in
1018 4735 1174 4795 Hetruscis
1188 4733 1314 4792 tort-asse
1324 4730 1422 4809 aliqua
1435 4778 1441 4808 ,
1456 4724 1488 4790 40
1504 4732 1618 4793 Latinis
1629 4728 1686 4808 ejus

233 4819 439 4908 Historiarum
460 4821 497 4880 ab
512 4820 654 4881 inclinato
674 4823 808 4885 Bomano
822 4827 920 4904 lmpe-
974 4829 1103 4907 scriptis*
1114 4827 1240 4904 vestigia
1254 4827 1305 4886 vix
1317 4825 1380 4886 0440
1393 4830 1530 4901 exstant,
1545 4841 1622 4907 quae
1635 4838 1685 4883 non

201 4915 263 4990 rio,
277 4920 309 4975 et
327 4916 420 4975 Borna
441 4931 493 4993 per
506 4912 658 4978 Alaricum
680 4916 845 4981 Gothorum
866 4921 922 4980 440
978 4922 1035 4983 4444
1053 4926 1200 5000 quantam
1221 4920 1291 4981 novi
1313 4919 1393 4999 typis
1413 4921 1585 5000 exscripta,
1605 4930 1685 4997 quam

198 5025 269 5089 gem
285 5007 497 5074 dnnoCtlristi
513 5010 570 5075 440
591 5017 677 5096 04044
692 5025 790 5093 usquo
803 5012 841 5077 44
863 5017 925 5078 An·
981 5014 1054 5080 haec
1067 5015 1218 5095 quinque:
