3464 5318
186 347 246 410 332»
761 338 1111 403 C'ATANAEUS

186 453 240 514 boc
259 449 332 512 iniit.
362 449 387 507 Ε
400 444 521 528 plumbo
551 442 686 504 tabulam
707 443 771 507 cliui
798 447 917 509 Cataldr
970 464 1034 509 suo.
1048 447 1108 524 (lui
1121 445 1199 507 liber
1212 444 1273 526 suit
1282 448 1437 522 panum
1450 440 1494 502 ad
1506 443 1619 520 nvem
1631 442 1695 501 Fer·

186 546 303 606 nemim
319 539 516 603 clunculuma
528 555 559 599 se
572 538 747 619 inscriptam
763 540 845 601 baud
863 543 917 601 Ta-
970 541 1154 617 dissolutum,
1172 539 1226 620 qui
1240 537 1337 600 noluit
1350 534 1435 596 illum
1451 535 1580 615 aperire
1600 534 1696 614 pruss-

189 646 273 701 rento
286 635 397 717 procul
413 652 444 693 m
460 632 568 695 sacello
577 632 762 693 --semidiruto
779 634 837 695 sub
859 654 917 714 pa·
969 654 1061 717 quom
1074 640 1227 695 constaret
1238 649 1297 712 ρον
1313 624 1405 693 uerus
1415 627 1616 710 probationes
1625 629 1696 709 quod

184 735 289 794 rietem
305 727 450 801 occuluit,
469 744 561 807 quam
577 726 707 788 triermio
721 733 792 807 post
807 746 914 807 eruen-
969 729 1039 792 tulis
1057 728 1134 790 liber
1151 733 1228 790 esset
1243 726 1404 806 antiquus,
1423 730 1454 785 et
1468 722 1554 805 quod
1570 723 1697 783 menen

182 825 254 886 dam
269 821 392 884 oneravit
410 827 552 900 corrupto
569 821 742 897 sacerdote,
761 822 816 902 qui
835 821 914 882 dice·
969 823 1029 885 lose
1042 829 1181 903 repertus
1194 820 1311 902 suisset.
1327 821 1405 880 Nam
1421 817 1574 881 Catuldus
1591 818 1647 898 qui
1659 818 1696 877 iu

185 925 250 991 ret,
269 919 300 977 in
317 915 428 976 somnis
444 915 576 976 astitisse
586 913 646 975 sibi
658 915 819 978 Catullum
833 931 916 974 mon-
970 925 1016 979 ter
1026 922 1151 981 Sanctus
1165 915 1326 995 deputatus
1340 919 1393 991 est,
1406 911 1468 993 (uit
1480 918 1631 991 tenpore,
1643 929 1695 990 quo

181 1017 326 1072 strantem
343 1027 400 1090 quo
422 1009 453 1068 in
469 1009 530 1069 loco
556 1006 667 1068 tabellio
687 1012 765 1078 esset¹
788 1006 912 1083 abditu,
967 1011 1031 1094 fuit
1055 1012 1146 1072 etiarn
1166 1009 1339 1070 ioacbimus
1359 1005 1483 1082 Abbas,
1505 1007 1565 1086 qui
1583 1006 1698 1085 scripsit

183 1110 469 1183 commonentemque
489 1101 536 1162 uti
550 1119 618 1162 cum
633 1100 742 1181 populo
759 1099 912 1180 supplice,
968 1104 1003 1166 de
1016 1101 1206 1183 Pontificibus
1217 1102 1332 1183 suturis
1344 1118 1440 1181 usque
1454 1100 1498 1161 ad
1510 1105 1621 1160 nostra
1634 1105 1695 1158 leon

181 1199 359 1279 colleqioque
372 1195 563 1258 sacerdotum
579 1196 639 1256 iret
653 1195 694 1256 ad
715 1193 912 1274 effodiendam
965 1217 1053 1281 pora.
1075 1199 1153 1258 Nom
1170 1197 1267 1257 dictus
1287 1195 1461 1255 Joocloimus
1482 1193 1548 1275 fuit
1567 1193 1605 1254 de
1625 1211 1693 1251 auno

183 1292 279 1368 dmm,
298 1310 390 1373 quom
404 1292 544 1368 effossum
556 1295 682 1350 curaret
696 1287 738 1350 ad
751 1305 851 1368 reqem
866 1288 916 1348 de·
971 1293 1061 1354 lits.
1079 1290 1184 1354 nouus
1198 1289 1299 1359 autem
1314 1306 1372 1368 quo
1386 1286 1448 1368 suit
1463 1293 1631 1368 repertus,
1645 1285 1663 1367 s
1682 1287 1687 1298 '

181 1385 357 1469 tuendam,
375 1383 653 1445 communicandam
670 1381 709 1442 ab
727 1399 759 1444 eo
773 1383 829 1441 uni
847 1386 913 1440 tan·
970 1386 1060 1460 talis,
1078 1383 1233 1458 videlicet,
1250 1382 1330 1462 quod
1354 1383 1385 1442 in
1405 1381 1544 1462 quadam
1566 1380 1694 1441 Ecclesia

182 1485 245 1541 nom
258 1480 345 1553 viro,
363 1496 451 1557 quem
477 1495 493 1538 e
513 1477 578 1538 suis
598 1478 740 1556 optimum
755 1481 910 1551 nosceret,
970 1479 1043 1540 dicti
1058 1478 1116 1539 loci
1131 1483 1200 1539 erat
1219 1477 1342 1556 quidem
1360 1475 1526 1556 Presbyter
1549 1473 1644 1535 bonae
1656 1473 1691 1534 ui-

184 1589 222 1634 ae
238 1572 373 1654 manime
387 1571 489 1651 fidum.
512 1570 624 1632 antra
639 1571 717 1632 enim
734 1570 848 1630 iratum
867 1567 916 1635 illi
968 1578 1034 1648 tae,
1049 1573 1101 1633 cui
1116 1573 1147 1632 in
1163 1572 1273 1632 somnis
1290 1570 1374 1632 venit
1385 1570 1484 1631 dictus
1499 1572 1532 1632 S.
1550 1568 1688 1630 Catalisu

180 1665 336 1748 stetinum,
348 1664 521 1744 cuidamque
531 1683 568 1726 ac
582 1664 784 1726 calamitatem
800 1663 913 1724 immis-
969 1665 1015 1727 bis
1029 1666 1177 1726 auriciuns
1192 1666 1239 1741 ei,
1253 1671 1289 1725 ut
1305 1665 1367 1744 ipse
1378 1662 1543 1745 presbyter
1557 1682 1622 1722 una
1634 1679 1690 1721 cun

150 1759 153 1761 ’
182 1777 308 1826 surum.
332 1760 366 1820 ni
386 1759 466 1839 quod
482 1759 513 1819 in
530 1757 634 1819 tabula
651 1758 798 1838 scriptum
821 1763 912 1832 esset,
970 1760 1116 1840 Episcopo
1135 1758 1219 1819 illum
1237 1758 1332 1819 locum
1348 1757 1487 1838 foderent
1504 1757 1536 1816 in
1550 1757 1632 1816 dicta
1644 1755 1690 1815 Ec·

189 1859 219 1914 et
233 1859 374 1930 caunum,
396 1872 416 1912 o
436 1869 507 1931 reqe
520 1856 740 1933 praestaretur.
763 1850 915 1929 Scriptum
969 1853 1060 1915 etesia
1070 1903 1078 1929 ,
1090 1851 1146 1913 ubi
1154 1858 1222 1912 erut
1234 1852 1383 1931 quaedam
1398 1851 1499 1929 imaqo
1514 1850 1685 1927 Virqiuislt.

184 1964 257 2008 uero
272 1947 369 2027 ipsum
380 1961 439 2026 per
455 1945 596 2025 ambaqes
617 1944 785 2025 quasdam,
808 1961 845 2004 ac
872 1943 915 2004 la-
968 1966 1036 2008 cum
1054 1947 1175 2010 cbristo
1192 1945 1308 2028 infante
1327 1945 1358 2006 in
1376 1943 1522 2019 bractio,
1541 1943 1597 2022 qui
1612 1941 1688 2005 Cbri-

185 2039 337 2101 tebricoso
353 2037 449 2100 verbu
466 2057 498 2100 eo
515 2037 708 2118 spectabant,
727 2038 773 2097 uti
792 2039 915 2098 JUDAE-
968 2046 1034 2103 stus
1048 2039 1230 2122 respiciebat
1248 2046 1278 2101 et
1298 2038 1390 2117 diqito
1410 2035 1589 2098 ostendebat
1605 2035 1688 2095 locun

185 2133 290 2194 ORUM
311 2133 604 2194 Exrssnntnnrlo
626 2129 822 2190 iudicaretur.
847 2131 916 2191 ileoc
968 2132 1124 2218 faciendae
1138 2133 1286 2215 fossionis,
1298 2132 1437 2211 dien'tque
1451 2131 1482 2191 ei
1494 2130 1528 2191 im
1541 2128 1652 2190 somm's
1662 2133 1689 2187 ut

185 2232 308 2307 accepta
328 2222 433 2285 tabula
453 2221 646 2304 deprehendit
663 2222 825 2304 fraudem,
852 2240 915 2301 qua
969 2227 1101 2303 librum,
1120 2245 1213 2307 quem
1224 2226 1394 2288 invenirent
1404 2229 1570 2305 portarent
1584 2223 1627 2282 ad
1640 2225 1685 2282 tle·

183 2319 371 2399 deprebensa
386 2317 507 2378 minime
518 2316 717 2377 Froncrscum
733 2315 775 2376 ad
791 2333 858 2376 eam
871 2314 913 2376 le-
967 2340 1035 2402 9evn
1051 2321 1258 2402 aperiendum.
1270 2321 1406 2399 Cumque
1419 2318 1521 2379 dicum
1537 2315 1689 2397 Presbqtn

183 2412 313 2492 pendam
326 2429 427 2472 secum
437 2409 593 2486 adtribuit,
606 2409 777 2471 arbitratus
788 2427 856 2470 cum
868 2409 913 2468 in·
967 2422 1044 2477 esset
1063 2415 1214 2495 neptiqene
1243 2415 1274 2474 in
1299 2412 1369 2488 lov,
1391 2411 1496 2493 ferme
1518 2411 1686 2492 praefatum

186 2511 429 2584 temeraturum
454 2503 549 2565 verba
576 2506 695 2565 ineam
716 2504 910 2580 senentiam,
967 2514 998 2574 s.
1012 2508 1175 2573 cunaldum
1187 2505 1348 2569 visibiliter
1358 2507 1389 2566 ei
1397 2505 1690 2584 apparuissemus

185 2595 445 2677 dissimulavitque
459 2615 524 2658 rem
538 2599 634 2679 ipsam
651 2615 770 2659 summo
786 2615 855 2657 cum
869 2603 914 2657 ta
968 2604 1117 2684 dnseeqne
1130 2603 1160 2663 ei
1172 2601 1276 2682 aliqua
1293 2601 1372 2660 iuter
1388 2599 1481 2680 siqua
1493 2590 1575 2678 quae
1597 2597 1690 2658 lrabm

184 2691 358 2752 citurnilutc
379 2709 416 2751 ac
429 2692 601 2771 prudentia.
622 2692 663 2752 At
678 2691 864 2752 Franciscus
880 2709 915 2752 νο
968 2715 989 2757 a
1005 2696 1082 2757 dicto
1099 2699 1129 2758 S.
1150 2694 1286 2758 Cataldo.
1304 2695 1345 2754 Et
1357 2697 1464 2773 postea
1479 2692 1656 2753 accedentes
1669 2696 1691 2751 el

186 2783 317 2863 coquin,
335 2781 441 2863 surore
451 2785 601 2865 percitus,
615 2784 695 2864 quod
707 2789 912 2844 tantumcom-
968 2789 1112 2872 fodientes
1141 2789 1321 2850 invenenant
1349 2784 1462 2846 librum
1485 2785 1690 2865 madiolum,

183 2884 314 2938 mennam
327 2878 442 2959 fabum
461 2897 530 2940 eum
547 2877 717 2954 tabuisset,
739 2896 798 2937 uon
818 2894 911 2958 popu
969 2902 1054 2965 quem
1080 2882 1287 2943 incontinenti
1301 2885 1508 2962 portaverunt
1526 2879 1572 2940 ad
1591 2879 1692 2940 dictem

185 2968 231 3046 lo,
250 2989 307 3031 non
323 2972 392 3050 reqi
401 3020 407 3050 ,
425 2973 482 3033 vim
499 2973 559 3052 ipsi
574 2971 701 3035 Cataldo
719 2971 851 3051 publicis
862 2990 915 3051 pe-
968 2981 1084 3056 ileqem.
1100 2976 1161 3053 Qui
1172 2993 1234 3036 roso
1245 2981 1401 3053 tamquam
1419 2971 1602 3035 incredulus
1614 2989 1693 3052 proe-

179 3066 281 3145 percit
290 3066 322 3125 in
334 3064 630 3144 praedicationibus,
647 3066 856 3144 intantumque
866 3064 911 3124 in·
969 3072 1131 3131 missorum
1143 3070 1239 3151 ipsvm
1251 3068 1434 3147 Episcopum
1448 3072 1478 3126 et
1483 3065 1691 3148 presbyterum

184 3158 326 3235 canduit,
341 3164 376 3219 ut
391 3159 484 3220 Italia
499 3159 594 3241 ferme
613 3161 723 3229 omnis,
742 3160 864 3238 ipseque
881 3159 913 3218 in
968 3162 1142 3225 carceravit
1166 3178 1241 3242 quos
1264 3167 1371 3240 postea
1401 3159 1524 3238 coquito
1554 3160 1691 3233 veritam,

181 3253 293 3332 primis
310 3257 461 3315 itomanus
474 3253 617 3335 Pontifex
632 3252 668 3313 de
686 3251 806 3313 tabulae
823 3252 914 3332 luijen
968 3256 1048 3338 quod
1065 3257 1117 3317 boc
1133 3273 1192 3314 non
1207 3253 1316 3335 fuisset
1330 3252 1442 3335 fraus,
1459 3251 1588 3313 dimisit.
1605 3251 1693 3314 Nesci-

182 3346 279 3430 suerit
300 3349 464 3409 inventione
491 3346 646 3423 solicitus,
668 3353 759 3427 atque
784 3347 911 3407 annius.
973 3357 1024 3411 tur
1041 3356 1140 3410 tomen
1156 3350 1188 3409 in
1204 3347 1281 3408 dicto
1298 3345 1376 3407 libro
1392 3346 1468 3426 quid
1483 3348 1682 3408 minuentur.

185 3437 265 3503 neon
286 3445 447 3503 Pantanus.
1003 3445 1133 3504 annues
1144 3443 1245 3502 biurio
1259 3441 1478 3503 CATANAEUS
1490 3443 1693 3515 Novaniensis,

229 3533 302 3595 *An
321 3553 393 3595 veru
408 3537 490 3611 sint,
504 3551 583 3613 quae
599 3534 795 3614 descriptae
811 3535 840 3594 S.
858 3536 915 3596 Ga·
965 3538 1125 3599 Gaudentii
1146 3537 1295 3610 Merulae,
1317 3536 1526 3612 Demetriique
1556 3535 1694 3598 Chalcos-

189 3629 271 3690 teldo
293 3628 368 3687 libro
389 3630 547 3707 teruntur,
565 3631 687 3707 ignon03
710 3632 780 3707 quie
801 3645 857 3689 nec
874 3629 916 3687 ta·
969 3632 1057 3709 dylae
1078 3630 1247 3709 discipulus
1264 3630 1361 3690 temne
1377 3643 1490 3688 nomen
1507 3643 1602 3690 suum
1617 3629 1697 3690 teliei-

186 3723 245 3782 cile
257 3723 390 3781 incertae
402 3720 473 3781 huic
486 3722 582 3782 temec
593 3738 754 3782 assensum
772 3721 916 3800 praebue-
967 3732 1014 3786 ter
1035 3726 1164 3786 inseruit
1184 3723 1301 3785 erudito
1322 3722 1354 3781 in
1381 3719 1477 3785 Plinii
1495 3718 1652 3802 Epistulas
1668 3727 1694 3781 ct

191 3817 259 3876 rim.
278 3817 321 3875 Da
345 3817 518 3877 inventione
539 3823 640 3875 tumen
663 3816 729 3875 libri
751 3821 917 3891 utcumque
971 3819 1191 3899 Paneqqricum
1207 3817 1431 3878 Commentario
1446 3817 1472 3891 e)
1488 3819 1627 3894 primurn
1643 3815 1694 3877 ebi-

192 3910 243 3971 ille
261 3910 353 3970 tuerit
374 3912 472 3988 magis
494 3915 578 3970 certa
599 3907 767 3970 crediturus
790 3925 865 3969 sum·
879 3923 918 3967 ex
972 3921 1003 3974 to
1014 3913 1148 3973 venenis
1161 3912 1248 3973 lton.
1264 3927 1298 3971 ee
1309 3909 1467 3971 Mediolani
1482 3910 1575 3972 ⁴5⁰5.
1589 3910 1638 3971 tol.
1652 3910 1697 3971 lte

155 4043 157 4047 .
191 4011 313 4066 auctore
327 4019 439 4064 coaevo
451 4003 604 4082 Stephano
617 4004 734 4064 scilicet
745 4005 917 4075 inlessuru,
973 4023 1025 4066 see
1042 4005 1190 4067 editiones
1205 4005 1308 4084 plures
1322 4001 1431 4064 deinde
1448 4003 1697 4074 insecutorem,

74 4099 77 4102 ’
191 4102 244 4178 qui
267 4104 341 4159 tunc
369 4097 519 4159 scribebat
547 4097 630 4158 urbis
651 4099 762 4158 Romae
790 4096 918 4157 diarium
972 4116 1049 4178 quas
1066 4101 1096 4158 ln
1113 4099 1296 4160 Bibliotheca
1322 4098 1428 4157 mine
1450 4103 1577 4159 notatas
1602 4102 1695 4158 Lector

190 4194 351 4272 vulgatum
366 4180 404 4252 eb
414 4192 550 4253 Ecoerdo
561 4192 684 4270 corpor.
698 4191 835 4252 Historic.
848 4195 870 4247 t.
882 4188 918 4261 ll,
972 4194 1109 4271 reperiet.
1128 4193 1252 4254 Caetera
1267 4191 1410 4253 Geteneei
1427 4193 1565 4270 scripte,
1582 4191 1697 4254 terion

192 4303 261 4366 pag.
278 4285 367 4346 nont.
973 4287 1077 4365 elogiis
1093 4302 1159 4365 pag.
1179 4285 1245 4348 in.
1263 4292 1294 4346 et
1315 4287 1427 4344 Lazaro
1443 4283 1623 4364 Augustino
1643 4286 1699 4347 Ger

237 4378 349 4439 Eodem
377 4394 476 4438 metue
503 4376 604 4461 Aprili
634 4378 665 4437 in
694 4375 806 4456 Apsilia
840 4373 922 4453 apud
975 4387 1025 4442 tee
1047 4381 1076 4439 in
1097 4382 1200 4440 Museo
1225 4379 1400 4440 Noverieusi
1421 4366 1529 4440 ltelioe
1547 4379 1633 4442 edito
1650 4381 1699 4441 lte

196 4473 407 4535 Brundusium
425 4470 606 4532 miraculose
622 4476 761 4551 repertus
782 4467 843 4551 serit
857 4468 924 4547 qui·
977 4474 1087 4537 (liviani
1110 4472 1196 4535 1704.
1212 4474 1262 4533 tel.
1280 4488 1345 4552 pag.
1366 4470 1433 4531 tlt.
1453 4487 1520 4552 seq.
1540 4478 1696 4536 memorate

199 4567 270 4628 dum
288 4566 364 4628 liber
385 4565 442 4628 sub
465 4572 551 4625 terro
574 4563 697 4625 clausus
721 4581 789 4624 eum
814 4559 924 4622 tabulis
980 4574 1072 4642 sunt,
1097 4568 1202 4628 Latine
1223 4569 1532 4646 Proqqmnasmotum
1555 4560 1703 4648 Apbtborii

202 4660 371 4744 plumbeis,
399 4662 430 4720 in
457 4676 590 4739 quarum
614 4676 676 4718 una
704 4664 771 4718 erat
795 4655 928 4739 formata
978 4664 1092 4735 versio,
1111 4677 1166 4722 nee
1183 4679 1242 4720 non
1255 4659 1551 4737 Luciuniumonmi,
1573 4657 1702 4740 Lapilla-

197 4775 280 4818 cruoe
296 4755 418 4816 Domini
426 4802 435 4830 ,
454 4771 522 4812 cum
539 4753 633 4812 literis
646 4772 655 4828 ,·
668 4751 823 4813 videlicet:
842 4750 875 4811 C.
890 4751 924 4808 ll.
983 4771 1053 4815 rum
1071 4759 1100 4814 et
1112 4756 1223 4833 Lequm
1240 4752 1417 4815 scribendae
1430 4755 1703 4836 disconvenire

196 4851 233 4913 A.
255 4853 284 4912 Τ.
303 4857 332 4911 et
350 4849 381 4909 in
398 4848 463 4909 alia
480 4853 570 4908 erunt
586 4846 690 4908 literae
710 4845 849 4911 uidelicet
870 4843 928 4904 Cu-

198 4945 297 5008 midus
319 4948 388 5005 Rau
408 4941 659 5023 Ardiii'i’isfflimi
678 4939 866 5002 Tarentinus·
888 4936 928 4996 Et
1021 4969 1047 5029 o)
1061 4951 1301 5022 Accusatissimum
1312 4972 1490 5034 interpretem
1501 4973 1598 5032 Plinii.
1610 4973 1703 5032 scripto·

193 5058 254 5100 non
279 5038 445 5120 aperiatur
472 5036 534 5098 nisi
549 5055 609 5119 ρον
634 5053 735 5116 reqem
756 5051 824 5095 cum
843 5029 925 5111 fidele
976 5045 1012 5094 ru
1028 5049 1212 5096 insternunt
1229 5053 1304 5099 roca
1319 5050 1431 5098 mulos
1448 5048 1514 5102 xvi.
1534 5047 1575 5098 ts.
1589 5050 1646 5096 ra.
