3464 5318
652 354 983 423 4040043440
1153 324 1184 389 '—
1262 376 1266 383 ·
1500 372 1557 436 004

74 456 161 517 40003
182 458 380 536 0044034333,
403 467 437 520 ut
454 468 574 521 constat
597 480 635 522 ex
653 463 785 526 4004333
840 465 972 525 Cantica.
989 469 1143 528 Praeterea
1161 461 1271 532 Baleirs
1289 474 1328 533 lll
1342 474 1385 549 ,.7
1399 492 1469 535 0334
1498 483 1577 538 tra·.
1707 464 1710 469 ⁴

71 549 180 609 Smithi
195 551 336 630 catalogo
353 571 418 632 pag.
438 554 476 614 74
494 556 521 614 b.
540 555 629 617 Edita
644 557 750 617 eadem
767 577 784 619 a
840 557 884 616 dit
901 561 1061 638 scripsisse
1073 580 1133 640 pro
1147 581 1243 625 cansa
1261 567 1387 627 Henrici
1402 569 1435 626 44
1445 616 1453 643 ,
1473 572 1560 649 Regis

69 645 235 704 mabillonio
257 646 323 705 Sec.
341 646 389 706 lll.
412 649 598 709 Benedictio.
616 667 683 728 pag.
704 651 785 724 433,
841 651 986 729 4304430,
1015 654 1053 714 ad
1071 656 1274 719 Alexandrum
1294 661 1343 719 lll.
1368 662 1560 736 Pontitlceor,

41 809 44 815 Ι
69 744 100 796 04
117 739 146 797 40
168 735 254 798 40440
278 740 459 801 Sanctorum
482 749 554 801 tom.
580 744 608 803 2.
627 742 693 821 llaji
721 744 784 804 Vll.
839 752 930 830 atque
947 745 1124 808 invectivam
1141 749 1173 808 in
1192 751 1340 826 4440444304,
1358 752 1560 815 Cantuorien-

73 848 139 911 pag.
159 833 226 893 468.
243 833 343 893 Etiam
360 833 454 894 vitam
470 834 786 914 S.Oswatdi,lVigor-
839 853 902 897 sem
927 838 1202 921 Archiepiscopum,
1230 845 1320 922 cujus
1347 848 1438 906 etiam
1460 847 1561 908 caedis

68 926 184 984 niensis
200 926 362 1004 Episcopi,
380 936 411 988 et
428 929 555 989 aliorum
572 929 697 1006 Angliae
713 931 786 991 San·
840 931 898 992 43.
917 933 993 993 4470
1010 943 1115 995 330404
1135 938 1228 998 luisse
1245 944 1271 1010 a)
1291 956 1466 1015 quanquam
1485 939 1563 999 Tiro-

68 1024 185 1078 0404034
203 1019 345 1080 historias
362 1024 499 1081 suaviter
513 1039 530 1082 a
546 1022 688 1084 Folcardo
704 1040 786 1084 com-
842 1038 921 1081 mam
940 1022 1021 1082 hunc
1038 1023 1221 1104 discipulum
1239 1029 1354 1105 primo,
1379 1027 1487 1088 deinde
1509 1031 1563 1088 Pa·

68 1111 181 1188 positas
199 1119 330 1173 testatur
354 1114 517 1175 Ordericus
542 1115 650 1194 Vitalis
668 1116 719 1176 lib.
747 1116 785 1188 2,
841 1121 962 1177 tronum
991 1117 1154 1193 03000434,
1174 1126 1252 1180 teste
1269 1121 1398 1181 Lelando
1414 1137 1479 1199 cap.
1503 1123 1562 1182 483
1685 1161 1694 1166 -

75 1204 179 1265 histor.
196 1206 313 1266 Eccles.
329 1206 366 1267 ad
384 1206 506 1269 433004
530 1210 607 1270 4448
630 1216 664 1268 04
686 1210 787 1269 Cavoo
842 1204 891 1264 ubi
908 1207 1009 1265 Folioti
1020 1224 1097 1285 0030
1113 1207 1150 1267 (44
1164 1209 1370 1273 sacramentis
1383 1210 1494 1270 Veteris
1512 1211 1562 1269 40

67 1297 130 1374 jam
160 1305 321 1375 30434343,
340 1302 390 1378 004
409 1301 667 1361 00400043030034
682 1319 699 1362 3
716 1305 787 1363 4404-
839 1297 980 1360 stamenti
994 1300 1097 1360 laudat
1110 1299 1202 1377 piane
1219 1300 1414 1381 artdecanqae
1431 1300 1562 1363 4440444444-

66 1391 180 1451 4434300
197 1392 342 1452 Folcardo
360 1410 419 1452 non
442 1393 598 1454 diversum
618 1396 710 1455 434000
724 1398 788 1473 opi·
841 1390 1000 1451 tissimum.
1023 1391 1106 1453 Vitas
1119 1393 1233 1470 aliquot
1243 1395 1424 1454 Sanctorum
1436 1394 1562 1474 44404434

66 1489 166 1543 natur.
186 1486 246 1544 lloc
264 1502 450 1563 quamquam
467 1504 521 1563 per
546 1493 715 1566 temporum
741 1505 788 1547 ra·
841 1484 949 1543 litteris
965 1486 1003 1545 ab
1019 1503 1055 1545 eo
1072 1486 1300 1547 commendatas
1325 1492 1408 1546 notat
1437 1489 1562 1550 Vossius

65 1579 164 1638 tiones
182 1578 311 1639 40443330
328 1581 425 1656 possit
444 1579 573 1654 admitti,
596 1588 697 1640 tamen
719 1600 786 1660 per·
841 1593 907 1654 pag.
926 1578 984 1638 425
999 1596 1036 1637 04
1055 1581 1228 1639 Possevino.
1238 1579 1339 1639 Etiam
1354 1578 1562 1659 Epistularum

65 1687 158 1746 qoam
175 1671 301 1731 dubium
317 1671 391 1731 milri
404 1671 534 1749 videtur,
550 1675 588 1733 ob
605 1677 784 1753 scriptorum
840 1669 908 1749 ejus
928 1666 1042 1730 librom
1062 1673 1181 1732 Pitseus
1202 1678 1270 1750 post
1298 1674 1421 1733 Baleum
1450 1691 1562 1734 memo·

69 1763 235 1841 Anglorum
251 1765 407 1826 silentium
418 1765 456 1825 de
467 1768 639 1828 8044434330
651 1768 784 1834 Folcardi
840 1771 887 1822 rat
907 1764 959 1824 ssd
982 1765 1062 1825 idem
1080 1764 1193 1826 fallitur
1209 1782 1280 1825 cam
1297 1783 1363 1843 pag.
1381 1767 1440 1828 452
1457 1767 1562 1827 scribit

66 1857 115 1917 sui
132 1857 319 1919 4403300343.
839 1855 875 1915 344
898 1857 1042 1916 Foliotum
1076 1857 1157 1916 hunc
1188 1864 1309 1918 exstare
1340 1857 1507 1936 Epistolam
1530 1861 1560 1920 S.

105 1951 327 2026 FOLGUlNUS,
344 1952 519 2027 Faicainas,
535 1952 709 2033 Folqninns,
724 1953 786 2015 Vol-
841 1949 1057 2011 BEENlldllDl
1080 1951 1189 2011 XXlV.
1214 1952 1289 2012 liam
1308 1951 1356 2011 illa
1374 1951 1444 2012 data
1460 1959 1508 2013 est
1524 1953 1562 2013 ad

63 2043 194 2122 quinas,
216 2044 405 2125 4040040440,
426 2064 464 2106 ex
482 2048 625 2107 Monaclro
642 2050 786 2109 Bertinia-
841 2042 1058 2106 GlLBEllTUE
1076 2040 1220 2120 quidem,
1238 2043 1292 2104 0044
1310 2052 1446 2103 3000440
1462 2044 1563 2105 diver-

64 2138 224 2199 3040030
246 2141 274 2198 40
297 2140 396 2217 Belgio
418 2141 613 2214 Laubiensis,
635 2143 701 2201 3400
733 2144 787 2201 Lo-
842 2153 932 2213 sum,
952 2137 1036 2196 illurn
1060 2152 1189 2214 nempe,
1207 2138 1257 2214 qui
1275 2138 1485 2198 exCanoniss
1501 2137 1563 2203 Au·

64 2232 178 2292 biensis
208 2233 245 2293 ab
275 2233 364 2294 4330
394 2234 464 2294 965.
494 2234 532 2294 ad
563 2236 631 2294 900.
665 2237 788 2313 scripsit
842 2229 1031 2289 tisiodorensi
1048 2230 1146 2292 factus
1160 2235 1208 2290 034
1224 2229 1424 2291 Londineusis
1439 2231 1562 2310 Episco-

65 2323 234 2387 Cnrossieon
247 2325 284 2385 444
296 2324 391 2386 rebus
399 2325 492 2405 000440
506 2324 657 2387 abbatam
671 2331 697 2398 a)
710 2329 789 2388 Lass-
843 2339 900 2400 pus
917 2323 955 2382 ab
969 2323 1026 2382 43.
1045 2325 1134 2395 4428,
1151 2323 1188 2383 ad
1206 2324 1294 2384 4435.
1311 2323 1423 2384 Veteris
1440 2329 1470 2384 et
1483 2325 1563 2385 Novi

64 2415 175 2480 biensis
197 2417 353 2494 coenobii,
375 2437 392 2480 a
413 2422 443 2480 S.
476 2420 638 2480 landelino
672 2422 787 2482 tundali
846 2416 1022 2475 Testamenti
1048 2414 1200 2496 0400004444
1232 2418 1383 2489 04443430,
1414 2425 1505 2495 atque
1531 2417 1563 2476 in

62 2511 102 2571 ab
121 2510 209 2572 444440
227 2513 294 2579 097.
312 2514 462 2590 usquead
480 2530 535 2574 0444
553 2520 698 2593 tempora,
718 2515 788 2575 vnl-
830 2509 958 2568 cunctis
975 2508 1066 2588 lajas
1080 2510 1186 2572 44443444
1201 2509 1370 2586 sapientum
1387 2508 1496 2571 litteris
1511 2511 1563 2571 ad·

60 2612 166 2683 gutum
187 2622 203 2665 a
224 2605 369 2666 Dacherio
390 2612 462 2666 tom.
486 2608 524 2667 Vl
547 2609 691 2686 spicilegii
718 2625 785 2686 pag.
843 2609 950 2663 suetos
967 2602 1091 2679 indere,
1110 2621 1207 2680 eoque
1237 2607 1358 2664 nomine
1377 2601 1563 2666 Universaiis

62 2699 134 2760 4444.
156 2698 314 2773 (editionis
345 2717 442 2760 novae
472 2707 544 2759 tom.
568 2702 589 2761 2
608 2717 673 2779 pag.
696 2702 785 2775 730.)
843 2697 920 2775 30344
940 2698 969 2759 S.
985 2698 1171 2758 Bernardum
1201 2698 1381 2776 appellatus.
1411 2698 1487 2758 Vide
1503 2701 1563 2758 lla-

61 2794 94 2851 43
115 2808 152 2852 eo
172 2792 210 2851 de
226 2808 259 2852 sa
277 2793 438 2854 404034303
452 2793 551 2871 capite
569 2795 617 2854 28.
636 2809 700 2872 330.
719 2812 786 2873 pag.
842 2791 953 2851 billonii
972 2791 1008 2851 ad
1030 2808 1100 2851 0043
1120 2799 1226 2865 notas,
1245 2799 1306 2850 tom
1323 2794 1335 2852 4
1352 2837 1360 2868 ,
1375 2795 1442 2870 pag.
1460 2793 1508 2855 44.

62 2885 132 2945 740.
154 2887 351 2963 Praeterea,
372 2904 450 2963 0330
472 2887 501 2945 43
523 2885 628 2945 eodem
661 2887 787 2946 Chroni-
882 2883 1031 2945 Robertsss
1048 2886 1235 2947 FOLlOTUS
1252 2885 1289 2945 de
1306 2885 1487 2961 llelundino‚
1502 2883 1564 2944 Gil-

60 2995 101 3037 00
119 2993 184 3056 030.
207 2979 255 3038 30.
276 2993 361 3056 seqq.
384 2979 421 3038 de
444 2980 596 3038 miraculis
618 2979 648 3037 S.
667 2980 789 3038 Ursma
842 2977 917 3037 berti
934 2979 1036 3037 4044044
1065 2979 1257 3055 0400430300
1271 2986 1302 3037 et
1323 2980 1352 3037 43
1380 2980 1564 3057 Episcopatu

61 3071 97 3131 rs'
113 3072 142 3146 b)
164 3078 345 3146 narrantur,
377 3071 543 3132 Historiam
569 3068 788 3132 miraculorum
844 3070 1062 3130 llerelordiensi
1079 3071 1136 3130 43.
1153 3073 1230 3132 4463
1242 3071 1272 3144 bl
1283 3059 1564 3147 successor,euJ'us

58 3166 128 3244 ejus
148 3166 292 3243 singulari
310 3166 386 3228 libro
400 3166 585 3244 descripsit,
606 3183 697 3243 quem
715 3182 787 3225 cum
846 3161 958 3222 libram
973 3168 1188 3241 excerptorem
1204 3162 1240 3223 de
1260 3161 1418 3224 chronicis
1428 3163 1563 3222 44304334

59 3263 141 3320 30443
169 3259 291 3319 exhibet
318 3260 529 3320 llenschenius
550 3263 579 3319 iu
602 3261 687 3319 dctis
711 3260 787 3317 San·
843 3255 938 3330 Scoti,
951 3264 983 3315 04
998 3255 1160 3318 Conciones
1174 3255 1427 3317 deSacramentis
1442 3257 1565 3316 Vossius

58 3360 179 3413 ntorum
192 3353 244 3414 43
258 3352 350 3431 April.
370 3351 478 3412 xvttl.
490 3370 520 3430 p.
531 3350 676 3413 503573.
691 3351 789 3412 Vitam
843 3367 909 3429 pag.
928 3352 995 3412 423.
1015 3351 1131 3423 4334434,
1149 3353 1266 3412 Pitseus
1280 3367 1346 3429 pag.
1365 3351 1434 3410 230.
1451 3367 1490 3410 ex
1506 3352 1563 3410 Ba·

58 3464 133 3508 nero
164 3445 318 3521 Fotcnini,
347 3449 550 3507 Tervanensis
586 3447 725 3523 Episcopi
758 3447 787 3504 in
845 3445 883 3504 lei
902 3446 950 3504 lll.
970 3446 997 3503 8.
1010 3446 1101 3504 044334
1118 3441 1229 3503 libram
1244 3443 1280 3504 de
1290 3442 1497 3505 sacramentis
1511 3458 1566 3501 an

58 3540 199 3601 Flandria
219 3539 254 3600 4.
272 3540 341 3600 854.
356 3540 499 3613 (40403044,
516 3539 704 3599 4440444οη433
718 3540 785 3598 Sec.
843 3536 945 3615 tiqnae
963 3543 993 3596 et
1008 3554 1103 3598 novae
1119 3538 1226 3616 44040,
1244 3556 1336 3616 03034
1359 3539 1493 3599 Gilberto
1510 3539 1565 3597 Fo

59 3635 110 3695 lV.
129 3631 280 3693 Benedict.
303 3650 368 3710 pag.
387 3634 457 3693 024.
471 3635 557 3694 444300
575 3630 729 3691 nomiliam
752 3631 788 3692 de
846 3632 917 3690 lioto
930 3633 1077 3693 tributum
1089 3648 1106 3692 3
1119 3633 1249 3712 40433440
1263 3649 1328 3712 030.
1340 3635 1408 3707 480.
1420 3633 1483 3710 jam
1493 3630 1565 3691 dixi.

59 3726 191 3787 4444044440
211 3726 248 3786 ad
265 3726 367 3787 4434444.
390 3727 465 3800 xil,
484 3728 543 3799 25,
565 3743 629 3803 300.
647 3728 706 3786 MS.
734 3728 789 3784 lo
885 3725 1084 3786 4040444405
1112 3728 1303 3805 Praepositus
1332 3726 1472 3788 Coenobii
1492 3725 1566 3784 4444

62 3823 145 3881 03344
166 3820 202 3880 344
225 3820 255 3880 S.
278 3821 439 3880 llartinum
454 3821 525 3880 licet
539 3819 649 3879 addere
667 3837 705 3879 ex
727 3820 788 3881 0u-
840 3815 1070 3896 saleswicensis,
1095 3821 1160 3878 sive
1179 3818 1453 3900 Triesensteinensis
1466 3821 1492 3893 cl
1506 3820 1553 3895 (00

62 3915 136 3975 diuo
162 3921 232 3973 tom.
255 3913 283 3973 2.
302 3930 369 3991 pag.
386 3911 455 3974 tra.
842 3918 905 3972 trae
934 3913 1087 3988 stillantis}
1112 3914 1141 3970 in
1177 3914 1342 3972 Franconia
1373 3914 1404 3971 in
1434 3909 1563 3971 dioecesi

106 4003 259 4066 Gilbertas
277 4006 413 4067 404404
430 4024 468 4067 04
488 4006 604 4066 400340
626 4008 789 4068 canonico·
844 4006 1133 4085 wirtzelburgensi,
1152 4008 1218 4066 sive
1244 4006 1464 4084 llerbipolitaoa
1484 4005 1564 4065 04403
1669 3997 1673 4006 ’

64 4117 133 4162 4004
156 4100 347 4178 llegularium
365 4101 596 4177 Leicestriensi,
617 4102 786 4178 Episcopus
841 4103 964 4159 433334
1000 4102 1088 4161 4450.
1118 4103 1239 4181 00440044
1262 4099 1305 4161 (444
1330 4096 1562 4173 Eberhardssm,

62 4195 122 4255 43.
149 4193 237 4255 4447.
253 4193 491 4253 llereiordisnsis
507 4199 538 4252 et
555 4194 592 4253 ab
609 4194 665 4253 40.
685 4195 785 4271 tros,
840 4192 1104 4275 Areliepiscepam
1130 4195 1168 4255 30
1195 4194 1283 4254 4330
1314 4191 1399 4255 4447.
1418 4192 1562 4253 3444464.

63 4286 103 4348 344
122 4284 210 4347 4487.
230 4285 447 4346 londinensis:
467 4288 587 4364 scripsit
616 4286 787 4367 4000004440-
841 4285 1125 4366 scinomannis,
1151 4285 1317 4367 Epistolam
1345 4289 1374 4345 in
1399 4302 1460 4362 qua
1492 4285 1563 4345 43044

63 4397 133 4440 nem
151 4378 182 4439 in
200 4379 328 4441 Cantica
344 4378 549 4456 Cuntieoram,
567 4380 604 4441 ad
621 4381 786 4441 liebertum
841 4398 910 4442 curn
931 4386 1130 4461 Berengario:
1149 4390 1180 4442 04
1196 4383 1283 4443 344334
1300 4380 1344 4450 od
1359 4377 1515 4440 Proeiatos
1531 4377 1563 4438 in

62 4472 269 4549 Eelidunum,
286 4489 376 4534 suum
394 4478 424 4534 in
446 4477 629 4553 Episcopatu
651 4475 787 4534 llerelor-

63 4568 151 4627 'densi
169 4583 386 4627 successorem.
400 4569 501 4629 Edidit
513 4570 660 4631 Patricius
676 4570 786 4629 iunius
882 4597 907 4654 ι)
924 4596 985 4646 vide
1004 4595 1132 4644 oudinum
1148 4580 1210 4644 rim.
1226 4595 1242 4642 0
1260 4606 1318 4655 pag.
1337 4590 1406 4642 4484.
1423 4603 1478 4654 040.

65 4661 191 4722 Londini
210 4658 298 4735 4638,
316 4662 342 4720 4.
361 4679 430 4722 cum
448 4662 615 4723 ALCUlNO
631 4664 662 4722 in
679 4662 785 4722 eadem
883 4671 912 4734 0)
929 4671 1081 4720 4444400304
1100 4677 1162 4719 4034.
1181 4669 1192 4717 4
1211 4670 1315 4730 Augilas
1332 4679 1419 4717 040440
1434 4680 1493 4729 pag.
1507 4664 1565 4716 504.

882 4744 907 4807 0)
928 4745 1059 4796 00400004
1086 4750 1176 4794 003444
1201 4745 1346 4794 salmurum
1362 4756 1419 4807 040.
1437 4741 1475 4792 li.
1491 4743 1566 4792 44440-

106 4814 134 4875 4)
153 4816 249 4865 tendet
267 4815 410 4875 sigebertus
427 4829 484 4879 cap.
501 4816 555 4866 450.
572 4817 604 4869 de
619 4823 642 4868 S.
659 4822 689 4868 44.
839 4822 955 4869 arandus
981 4827 1022 4868 est
1047 4819 1197 4868 4304044404
1221 4827 1247 4868 04
1276 4819 1355 4881 quasi
1370 4819 1463 4882 oatpes
1489 4818 1565 4868 demo

107 4891 135 4952 0)
152 4894 188 4938 ne
206 4893 230 4937 S·
248 4893 379 4948 4444441440,
395 4894 521 4955 Episcopo
532 4901 558 4944 et
573 4896 690 4945 40044004
705 4893 789 4943 Abba·
837 4897 907 4954 tiens
926 4897 1051 4954 04444334,
1076 4896 1200 4945 videlieet
1220 4894 1370 4944 Ecclesiam
1391 4892 1567 4947 Wirtseltar·

59 4975 105 5024 te,
121 4967 167 5028 qul
185 4971 214 5016 Α.
231 4963 288 5016 ild.
305 4964 388 5024 obiit,
404 4970 472 5020 ittae
488 4973 625 5033 scriptores
642 4973 725 5029 anso,
738 4973 778 5018 aa
836 4984 963 5034 pensem,
984 4971 1014 5018 s'n
1031 4983 1083 5032 qaa
1103 4971 1198 5019 totitas
1218 4976 1328 5020 nectens
1344 4967 1443 5030 truffas
1460 4969 1495 5015 ts
1505 4968 1568 5013 loeo

57 5043 208 5099 4443444408,
224 5042 393 5095 4844440404
411 5047 570 5096 veronensis.
626 5095 628 5098 Α
794 5110 796 5114 A
839 5047 886 5108 qai
901 5047 1002 5095 44444404·
1021 5045 1199 5108 tritiensium
1214 5051 1269 5094 ete.
