3464 5318
201 319 260 383 332
836 314 1057 377 CAS'l‘Oll

200 428 329 507 liquiis
323 448 352 489 in
374 446 408 490 ea
429 425 602 488 asservatis.
627 423 730 502 Orcho
752 423 789 483 ad
812 423 919 482 iratres
1015 419 1111 482 Gurdo
1132 419 1168 480 rte
1188 408 1520 482 CASTBlSAbbasS.
1542 422 1699 500 Dionysii,

200 524 339 585 Medicas.
372 518 517 584 Carmina
541 516 578 577 ad
603 533 671 594 mag
654 497 796 577 unificum
816 518 918 577 virum
971 515 1309 579 OrdinisBenedictini'
1302 533 1332 575 m
1347 505 1597 577 GalliaabAnno
1612 519 1698 578 4294.

201 618 347 678 Cosmum
363 613 506 674 ldedicem
527 618 559 671 et
579 609 616 670 ad
643 608 710 685 ejus
738 608 824 668 lilios.
848 610 919 688 Epi
970 610 1107 671 4444340.
1120 611 1295 687 Composuit
1310 609 1542 689 Sanctito9ium,
1561 612 1698 672 siveduo

203 726 335 789 gramma
358 709 387 767 in
409 708 490 766 obitu
520 705 621 767 Cosmi
642 703 771 763 lledices
792 702 830 762 ad
850 700 919 763 Ale-
971 701 1173 763 Voluminade
1184 704 1284 763 Sane
1263 709 1439 781 rsperaanr
1433 705 1614 778 circulum,
1625 723 1699 783 quae

203 801 352 862 xandrum
367 801 539 877 Gonzagam
553 845 559 874 ,
573 804 605 857 et
619 798 648 856 in
664 797 747 856 obitu
762 797 917 856 Lucretiae
972 796 1100 858 Usuardi
1116 797 1361 875 llartyrologium
1378 798 1550 876 glossatum
1569 800 1698 878 comple·

203 899 307 957 matris
339 894 490 955 Laurentii
519 891 656 952 Mediees
695 886 847 968 Epistulae
880 887 917 947 ad
970 895 1104 950 ctuntur.
1121 890 1180 951 448.
1203 892 1232 949 44
1248 892 1340 953 variis
1360 891 1556 951 Bibliothecis
1573 891 1696 969 Angliae

201 990 407 1052 Alexandrum
428 988 618 1064 Gonzagam‚
636 982 674 1043 ad
692 985 836 1044 Cosmum
858 983 919 1042 lle-
970 983 1152 1060 Galliaeque.
1164 983 1238 1044 Vide
1249 983 1400 1045 Oudinum
1412 986 1535 1045 tom.lll
1549 1003 1618 1064 pag.
1632 989 1695 1048 652

200 1085 298 1145 dicem
315 1086 434 1144 Patrem
451 1080 489 1139 de
510 1086 606 1139 morte
627 1078 769 1137 loannis:
787 1075 825 1136 ad
842 1077 919 1136 Lau·
973 1064 1026 1154 qui
1041 1078 1155 1137 evolvit
1171 1076 1227 1136 hoc
1243 1094 1320 1156 opus
1332 1079 1450 1139 llStum
1466 1079 1496 1138 in
1514 1079 1697 1141 Bibliotheca

123 1202 126 1209 ·
200 1181 332 1238 rentium
346 1181 377 1234 et
390 1175 543 1234 lulianum
560 1170 690 1231 Medices
706 1171 735 1228 in
754 1174 850 1228 morte
867 1170 920 1229 Pe-
973 1171 1003 1231 8.
1017 1172 1145 1232 Victoris
1160 1173 1346 1232 Parisiensis.

200 1274 238 1332 tri
264 1270 409 1333 hledices:
433 1274 464 1327 et
495 1263 705 1345 Empoeih'oaee
730 1261 763 1323 in
791 1260 917 1323 Daotdie
1011 1264 1179 1325 Chronioon
1191 1264 1283 1323 breve
1295 1265 1435 1325 coenobii
1448 1265 1480 1325 S.
1492 1266 1695 1328 PetriCATA·

202 1363 367 1443 Prophetae
387 1361 543 1441 Myrterra.
723 1418 725 1422 ⁴
969 1355 1178 1419 LAUNENSlS
1194 1356 1231 1416 ad
1247 1359 1412 1417 4444444444
1428 1360 1459 1417 in
1478 1360 1648 1439 Campania
1663 1363 1693 1422 ab

240 1459 257 1492 ⁸*
271 1457 319 1518 Ex
333 1459 399 1517 eius
415 1454 549 1534 Epistola
566 1452 602 1513 ad
620 1453 791 1528 hieronym.
818 1449 916 1510 Aliota
969 1449 1056 1510 Auno
1073 1451 1189 1512 Cllristi
1206 1451 1291 1510 4999.
1310 1450 1347 1511 ad
1367 1451 1455 1512 4223.
1473 1455 1503 1511 44
1525 1454 1635 1514 Labbei
1656 1462 1693 1513 to

198 1559 265 1612 tum
276 1548 427 1611 AbhOrd.
440 1549 469 1608 S.
480 1544 634 1607 Benedicti
646 1546 792 1621 scripturn
803 1543 840 1603 ab
853 1545 916 1621 ipso
970 1560 1019 1603 mo
1030 1544 1041 1602 l
1053 1543 1252 1620 Bibliothecae
1263 1559 1360 1604 novae
1371 1545 1452 1606 4488.
1463 1562 1533 1624 pag.
1548 1547 1618 1607 296.
1631 1549 1689 1608 297.

197 1646 356 1706 Francisco
367 1641 512 1702 discimus
523 1640 655 1701 libellam
664 1639 873 1716 Theologicum
886 1638 917 1698 rh
1009 1635 1249 1697 OATALBINUS
1265 1633 1301 1695 de
1312 1635 1403 1696 Bonis
1421 1637 1616 1718 Compoqar's,
1634 1643 1689 1700 sive

198 1755 257 1819 qao
273 1735 369 1796 malta
392 1734 484 1795 etiam
504 1733 633 1813 Physica
657 1737 686 1792 et
704 1729 916 1794 Mathematica
969 1728 1225 1810 aoncompapntus
1239 1729 1276 1790 de
1296 1732 1396 1806 414444,
1414 1732 1518 1792 clarus
1536 1735 1617 1793 circa
1637 1735 1688 1794 An

197 1831 287 1892 44444
313 1828 455 1890 manullo
477 1827 636 1908 permeata
653 1830 865 1903 erant;quem
884 1826 917 1885 li·
972 1841 1046 1884 aum
1066 1825 1153 1884 4434.
1171 1826 1261 1900 cujus
1278 1827 1424 1903 scriptum
1441 1824 1478 1885 de
1501 1826 1689 1887 hanibale

196 1926 308 1986 bellum
326 1928 390 2003 ipse
407 1924 445 1996 ad
461 1924 607 1983 Aliottum
629 1921 684 1981 hac
705 1922 770 1999 ipsa
790 1919 914 1998 epistola
971 1915 1097 1978 Concilii
1106 1916 1287 1979 Basileearis
1302 1925 1404 1979 exstat
1421 1920 1451 1978 in
1467 1920 1592 1980 Oceano
1606 1923 1686 1998 luris,

195 2018 418 2079 emendandum
430 2064 437 2095 ,
451 2023 483 2077 et
503 2015 728 2095 approbandum
750 2015 841 2073 misit.
858 2015 916 2074 Ba·
969 2013 1033 2070 sive
1051 2018 1181 2072 tractatu
1193 2018 1398 2086 tractatuum,
1416 2013 1525 2074 Venet.
1546 2012 1634 2073 4584.
1650 2022 1686 2073 to

194 2117 243 2172 tae
261 2118 333 2172 sunt
351 2112 453 2172 literae
471 2110 538 2170 illae
556 2109 723 2168 Florentiae
740 2106 787 2167 die
805 2106 824 2166 7
844 2108 913 2168 tulii
969 2122 1017 2164 mo
1035 2106 1103 2165 xlll
1119 2122 1184 2183 pag.
1204 2107 1252 2166 45.
1269 2107 1318 2166 24.

194 2206 282 2265 4462.
306 2205 501 2283 vulgavitque
526 2219 563 2261 ex
591 2200 649 2259 illis
674 2201 804 2259 lrustum
826 2202 856 2260 P.
879 2203 912 2260 b.
1008 2201 1025 2234 ⁸*
1043 2201 1075 2259 ln
1093 2198 1229 2258 Biblioth.
1247 2201 1341 2259 Felini
1358 2206 1444 2261 extat
1466 2203 1608 2279 repetitio
1624 2218 1685 2280 pro

194 2299 344 2357 llarianus
357 2296 512 2356 Armellini
530 2296 559 2352 in
572 2290 913 2353 Biblioth.Benediotino
963 2291 1060 2372 ficiscr'
1075 2295 1105 2352 in
1119 2294 1150 2351 L.
1165 2289 1334 2354 Observare
1351 2294 1380 2355 ll.
1397 2294 1435 2353 de
1454 2295 1554 2355 officio
1571 2312 1684 2372 procon-

192 2391 367 2452 Cassinensi
386 2392 412 2449 4.
431 2387 500 2449 207.
968 2386 1043 2446 sutis
1069 2403 1121 2463 per
1146 2388 1232 2446 Dam.
1260 2386 1387 2447 Baldum
1415 2386 1453 2447 de
1475 2390 1604 2449 Perusio
1625 2406 1684 2450 cun

234 2485 410 2560 Martyrium
435 2481 659 2554 Antonianum,
692 2482 757 2542 aive
793 2480 913 2541 Antonii
969 2485 1100 2540 tractatu
1121 2479 1308 2540 additionum
1330 2482 1364 2540 D.
1386 2481 1538 2544 Cataldini
1562 2484 1601 2544 de
1621 2487 1687 2544 Bon-

192 2577 235 2635 De
253 2576 364 2653 Bipolis
385 2575 422 2635 ab
443 2574 547 2635 eodem
569 2576 727 2635 Franciseo
749 2576 914 2653 scriptum,
967 2575 1142 2653 compagnis
1156 2573 1196 2638 ⁴de
1214 2576 1300 2632 Visso
1317 2581 1434 2636 etcum
1454 2576 1524 2636 aliis
1538 2577 1687 2642 additioni-

191 2668 276 2729 etad
294 2669 376 2729 MSS.
397 2668 522 2730 Codices
543 2669 727 2728 recensitum
748 2669 830 2746 typis
851 2668 916 2727 Flo
967 2669 1025 2729 bus
1040 2669 1074 2728 l).
1091 2668 1196 2744 Angeli
1213 2666 1250 2727 de
1267 2670 1399 2728 Perusia.
1422 2670 1480 2738 list
1496 2677 1605 2731 autem
1622 2671 1685 2732 liber

194 2764 322 2845 pentinis
336 2762 473 2841 vulgavit
494 2763 523 2822 l’.
544 2762 606 2821 tos.
627 2761 697 2821 Orsi
717 2758 788 2821 Ord.
809 2758 912 2821 Praed.
938 2801 942 2806 -
968 2762 1135 2838 impressus
1157 2762 1307 2821 Ferrariae
1330 2777 1383 2838 per
1404 2761 1593 2823 Sevecinum
1611 2763 1686 2824 Anno

191 2856 241 2933 qui
260 2861 290 2916 et
308 2861 397 2915 notas
413 2855 521 2916 adiecit
539 2857 568 2914 in
588 2857 613 2915 4.
634 2856 720 2916 4729.
969 2852 1055 2915 4476.
1086 2851 1133 2913 Ad
1161 2852 1242 2913 hunc
1269 2854 1378 2914 librum
1405 2861 1535 2916 annotat
1563 2858 1684 2919 Felinus.

229 2948 378 3009 CASTOB
395 2948 557 3027 Aptansis,
573 2951 639 3008 sive
653 2947 749 3027 Aptae
766 2950 863 3009 tuliae
881 2950 909 3008 in
966 2948 1044 3006 Nota
1061 2945 1141 3025 quod
1166 2944 1249 3026 apud
1267 2947 1412 3008 Sozirram
1428 2954 1502 3009 sunt
1527 2948 1686 3010 4444444444

188 3042 282 3104 Gallia
293 3043 460 3120 Episcopus
471 3043 508 3102 ab
521 3042 609 3104 Anno
627 3041 910 3119 reamisimus
966 3039 1041 3098 istae
1060 3038 1096 3097 D.
1116 3037 1271 3099 Calcidici
1290 3044 1319 3099 et
1337 3045 1410 3099 eunt
1426 3042 1510 3102 4570
1527 3042 1610 3104 unde
1626 3048 1687 3122 pua

118 3196 125 3209 ,
189 3137 323 3216 Epistola
340 3137 375 3196 ad
392 3138 570 3199 Cassianum
585 3135 732 3198 Abbatem
747 3136 912 3197 llassilien-
966 3132 1020 3192 has
1038 3130 1248 3211 imperfectae,
1266 3132 1337 3192 dam
1354 3150 1411 3193 aon
1429 3140 1504 3195 suat
1524 3135 1557 3196 in
1576 3136 1630 3198 hoc
1645 3154 1685 3198 44

189 3246 254 3291 sem
270 3233 348 3291 iuter
364 3231 445 3291 44844
455 3230 653 3291 Bibliothecae
665 3229 804 3289 Paulinae
816 3230 910 3306 lipsi·
966 3224 1077 3286 lamine
1095 3224 1157 3285 nisi
1172 3243 1296 3285 raumara
1310 3228 1381 3290 284.

187 3327 271 3384 ensis
285 3342 349 3402 pag.
371 3325 436 3383 455.
454 3323 579 3397 eadem,
598 3339 689 3399 quam
706 3321 835 3382 Alardus
852 3322 910 3382 Ga·
1004 3321 1100 3380 lluius
1110 3322 1242 3380 auctoris
1256 3327 1404 3382 tractatus
1415 3324 1555 3402 scriptus
1567 3327 1686 3388 adluan-

186 3434 277 3478 zaeus
298 3435 336 3476 ex
354 3414 462 3476 Codice
479 3417 661 3475 Elnonensis
682 3417 853 3475 Monasterii
876 3416 907 3477 8.
964 3430 1033 3473 nem
1049 3414 1149 3474 Xlllll
1163 3419 1268 3474 centra
1285 3414 1447 3475 Pontifices
1464 3420 1535 3479 eius
1553 3420 1686 3482 adverse

184 3508 313 3569 Amaudi
330 3508 486 3586 praemisit
504 3506 586 3566 libris
602 3506 748 3567 iohannis
769 3508 904 3568 Cassiani
962 3509 1023 3567 rios
1040 3513 1071 3567 et
1089 3507 1145 3567 iuri
1162 3509 1228 3568 eius
1245 3507 1434 3569 defendendo
1452 3513 1568 3588 prodiit
1581 3531 1620 3574 ex
1633 3515 1682 3575 448.

186 3600 243 3677 lde
263 3616 323 3678 quo
344 3602 454 3678 supra)
479 3599 516 3661 de
538 3601 725 3660 institutione
747 3601 911 3662 Coenobio-
964 3600 1035 3661 Oad.
1058 3602 1185 3662 Lucens
1179 3617 1185 3657 r
1205 3603 1234 3660 in
1253 3617 1320 3661 meo
1343 3603 1455 3664 Concil.
1478 3607 1684 3685 supplemento

184 3710 252 3753 rum
260 3709 355 3770 ,quos
372 3694 453 3770 ipsos
469 3694 517 3754 ille
533 3694 648 3754 Castori
664 3693 733 3755 huic
750 3693 910 3754 dedicavit.
963 3699 1035 3753 tom.
1054 3695 1104 3754 lll.
1122 3695 1209 3755 4493

223 3785 521 3855 loannesCASTOB
534 3787 830 3862 siveCASTOBlUS,
840 3787 909 3847 vul·
962 3790 1032 3849 8.
1051 3787 1252 3850 CATALDUS
1269 3791 1437 3893 Episcopus
1454 3744 1635 3871 secundus,
1655 3801 1681 3855 44

184 3880 374 3958 3444444444,
392 3881 457 3940 sive
475 3878 579 3955 Fiher,
597 3881 761 3941 llonachus
777 3880 835 3940 sub
852 3882 908 3940 Be·
960 3883 1061 3942 ierunt
1081 3876 1257 3942 Tarentinus
1266 3882 1382 3960 ,cujus
1403 3891 1513 3961 aetas,
1535 3906 1630 3966 quam
1649 3888 1679 3950 ad

184 3973 303 4033 aedicto
328 3976 455 4034 Bursino
485 3961 748 4048 lionasteriensiS,
780 3973 906 4051 scriptor
959 3974 1100 4035 Seculum
1111 3975 1280 4036 secundum
1292 3977 1437 4056 referunt,
1448 3987 1481 4040 et
1492 3989 1565 4042 acta
1577 3986 1680 4054 4444444

181 4065 340 4143 chronici,
358 4067 439 4144 quod
457 4082 548 4129 manu
566 4074 724 4129 exaratum
747 4070 775 4127 in
798 4067 903 4129 Cotto
957 4076 1087 4130 noscunt
1089 4086 1125 4129 44
1136 4086 1334 4146 ,quanquam
1353 4075 1502 4134 memoria
1517 4073 1589 4152 ejus
1605 4079 1679 4138 velut

180 4162 268 4222 niana
280 4169 311 4220 et
324 4162 391 4221 aliis
407 4160 532 4238 Angliae
545 4160 738 4222 Bibliothecia
749 4157 788 4218 at
802 4160 900 4220 AEaea
955 4162 1107 4223 miraculis
1118 4162 1188 4222 clari
1201 4164 1364 4223 recolitur
1357 4180 1388 4222 444
1405 4166 1623 4250 llartyrologio
1634 4173 1680 4231 lto

181 4253 223 4314 ad
238 4254 402 4315 Hearicam
423 4254 475 4313 ΙΙΙ
494 4257 558 4317 sive
583 4256 620 4316 ad
641 4253 763 4315 Annum
785 4254 902 4314 Cllristi
955 4271 1044 4315 mano
1060 4255 1107 4316 ta.
1129 4254 1205 4333 ldaji.
1229 4256 1303 4317 Vide
1325 4258 1449 4318 Petrum
1474 4259 1515 4321 de
1533 4265 1679 4324 Natalibds

179 4347 267 4408 4246.
291 4349 436 4427 Vossius,
457 4351 509 4428 qui
533 4351 624 4410 etiam
646 4346 901 4409 commentarium
956 4347 1004 4408 lib.
1017 4348 1064 4407 lll.
1077 4349 1208 4427 catalogi
1221 4350 1400 4411 Sanctorum
1411 4368 1439 4412 c.
1453 4355 1524 4415 443.
1536 4364 1570 4416 44
1580 4358 1679 4437 Ughel-

175 4440 241 4517 ejus
256 4439 292 4500 de
309 4438 401 4502 rebat
424 4437 805 4505 west-Monosteriensihus
820 4456 901 4499 com·
954 4441 1016 4502 lum
1031 4448 1103 4501 tom.
1117 4442 1158 4502 tx
1174 4442 1275 4503 ltaliae
1290 4458 1392 4504 sacrae
1407 4462 1437 4524 p.
1451 4447 1524 4512 422.
1543 4466 1608 4529 seq.
1626 4451 1678 4513 edi-

175 4542 337 4610 memorat,
353 4538 394 4596 ait
405 4535 552 4597 Chronica
565 4533 632 4607 eius
646 4532 767 4612 produci
782 4551 800 4595 a
818 4533 901 4595 labu—
955 4536 1045 4595 tionis
1062 4551 1173 4609 novae,
1188 4542 1219 4595 et
1234 4535 1271 4597 de
1289 4534 1366 4596 libro
1378 4539 1620 4619 prophetiarum
1632 4545 1678 4605 Oa-

175 4628 238 4688 loso
260 4632 342 4688 Bruti
365 4632 394 4688 in
416 4628 555 4707 Angliam
580 4626 714 4688 adventu
736 4645 832 4707 usque
861 4628 899 4688 ad
954 4628 1026 4689 taldi
1044 4647 1097 4707 per
1111 4630 1307 4708 miraculum,
1326 4637 1360 4691 ut
1376 4630 1464 4710 ajunt
1487 4635 1579 4698 Anno
1598 4637 1673 4699 4492.

173 4720 298 4784 Annum
315 4723 402 4783 4396
953 4723 1060 4782 etlosso
1072 4722 1150 4801 apud
1164 4724 1342 4784 Tarentinos
1353 4730 1384 4785 et
1397 4725 1436 4785 ad
1450 4726 1571 4807 Regem
1583 4733 1676 4810 Hispa·

213 4864 337 4924 mbo,
356 4868 469 4918 mm„
486 4871 546 4917 „L
557 4868 597 4918 3,
625 4872 763 4920 castorem
790 4870 905 4920 mmm
942 4813 1022 4877 4444
1039 4817 1262 4878 Ferdinandum
1286 4818 1397 4897 allato,
1421 4822 1575 4885 Bzovium
1596 4824 1632 4887 ad
1651 4824 1678 4883 tl

166 4939 242 4989 dicit.
270 4941 328 4990 atde
345 4945 417 4995 etad
447 4945 476 4993 44.
497 4943 550 4994 loll.
568 4952 592 4995 et
609 4949 690 4996 vosslt
708 4947 904 5009 etymologicum
955 4909 1018 4970 lum
1037 4908 1181 4982 Annum
1205 4928 1288 4972 num
1307 4913 1356 4973 5⁴·
1373 4929 1439 4992 seq·
1462 4923 1497 4976 et
1514 4913 1593 4980 Aeta
1613 4920 1676 4980 ΒΜ·

159 5017 190 5064 tu
216 5016 326 5069 cruor
891 5047 894 5053 -
955 5012 1072 5065 ctorum
1090 5011 1170 5064 torno
1186 5005 1210 5065 ll
1228 5004 1374 5086 llajipag.
1391 5009 1461 5071 4476.
1481 5012 1547 5074 Sed
1564 5028 1675 5092 quare
